@article{winter2019review,
  doi = {10.1111/ejss.12813},
  year = {2019},
  month = may,
  publisher = {Wiley},
  volume = {70},
  number = {4},
  pages = {882--897},
  author = {G. Winter and L. Pereg},
  title = {A review on the relation between soil and mycotoxins: Effect of aflatoxin on field,  food and finance},
  journal = {European Journal of Soil Science}
}
@article{eskola2020worldwide,
  doi = {10.1080/10408398.2019.1658570},
  year = {2019},
  month = sep,
  publisher = {Informa {UK} Limited},
  volume = {60},
  number = {16},
  pages = {2773--2789},
  author = {M. Eskola and G. Kos and C. T. Elliott and J. Haj{\v{s}}lov{\'{a}} and S. Mayar and R. Krska},
  title = {Worldwide contamination of food-crops with mycotoxins: Validity of the widely cited `{FAO} estimate' of 25{\%}},
  journal = {Critical Reviews in Food Science and Nutrition}
}
@article{azziz2005case,
  doi = {10.1289/ehp.8384},
  year = {2005},
  month = dec,
  publisher = {Environmental Health Perspectives},
  volume = {113},
  number = {12},
  pages = {1779--1783},
  author = {E. Azziz-Baumgartner and K. Lindblade and K. Gieseker and H. S. Rogers and S. Kieszak and H. Njapau and R. Schleicher and L. F. McCoy and A. Misore and K. DeCock and C. Rubin and L. Slutsker and},
  title = {Case{\textendash}Control Study of an Acute Aflatoxicosis Outbreak,  Kenya,  2004},
  journal = {Environmental Health Perspectives}
}
@BOOK{IARC2006,
  title     = "Human papillomaviruses",
  author    = "{The International Agency for Research on Cancer}",
  shortauthor = "IARC",
  publisher = "World Health Organization",
  series    = "IARC Monographs",
  month     =  jan,
  year      =  2006,
  address   = "Gen{\`e}ve, Switzerland"
}
@article{abbas2009ecology,
    doi = {10.1080/15569540903081590},
    year = {2009},
    month = jul,
    publisher = {Informa {UK} Limited},
    volume = {28},
    number = {2-3},
    pages = {142--153},
	title={Ecology of \textit{Aspergillus flavus}, regulation of aflatoxin production, and management strategies to reduce aflatoxin contamination of corn},
	author={Abbas, H. K. and Wilkinson, J. R. and Zablotowicz, R. M. and Accinelli, C. and Abel, C. A. and Bruns, H. A. and Weaver, M. A.},
	journal={Toxin reviews}
}
@article{accinelli2008aspergillus,
  doi = {10.1139/w08-018},
  year = {2008},
  month = may,
  publisher = {Canadian Science Publishing},
  volume = {54},
  number = {5},
  pages = {371--379},
  author = {C. Accinelli and H.K. Abbas and R.M. Zablotowicz and J.R. Wilkinson},
  title = {\textit{Aspergillus flavus} aflatoxin occurrence and expression of aflatoxin biosynthesis genes in soil},
  journal = {Canadian Journal of Microbiology}
}
@article{fouche2020aflatoxins,
  doi = {10.1007/s12550-020-00393-w},
  year = {2020},
  month = apr,
  publisher = {Springer Science and Business Media {LLC}},
  volume = {36},
  number = {3},
  pages = {303--309},
  author = {T. Fouch{\'{e}} and S. Claassens and M. Maboeta},
  title = {Aflatoxins in the soil ecosystem: an overview of its occurrence,  fate,  effects and future perspectives},
  journal = {Mycotoxin Research}
}
@article{jallow2021worldwide,
  doi = {10.1111/1541-4337.12734},
  year = {2021},
  month = may,
  publisher = {Wiley},
  volume = {20},
  number = {3},
  pages = {2332--2381},
  author = {A. Jallow and H. Xie and X. Tang and Z. Qi and P. Li},
  title = {Worldwide aflatoxin contamination of agricultural products and foods: From occurrence to control},
  journal = {Comprehensive Reviews in Food Science and Food Safety}
}
@article{van2004worldwide,
  doi = {10.1081/txr-200027844},
  year = {2004},
  month = jan,
  publisher = {Informa {UK} Limited},
  volume = {23},
  number = {2-3},
  pages = {273--293},
  author = {H. P. {Van Egmond} and M. A. Jonker},
  title = {Worldwide Regulations on Aflatoxins{\textemdash}The Situation in 2002},
  journal = {Journal of Toxicology: Toxin Reviews}
}
@article{sirma2018impacts,
  doi = {10.1016/j.gfs.2018.08.001},
  year = {2018},
  month = sep,
  publisher = {Elsevier {BV}},
  volume = {18},
  pages = {57--61},
  author = {A.J. Sirma and J.F. Lindahl and K. Makita and D. Senerwa and N. Mtimet and E.K. Kang'ethe and D. Grace},
  title = {The impacts of aflatoxin standards on health and nutrition in sub-Saharan Africa: The case of Kenya},
  journal = {Global Food Security}
}
@article{matumba2015concentrating,
  doi = {10.1016/j.foodcont.2014.11.035},
  year = {2015},
  month = may,
  publisher = {Elsevier {BV}},
  volume = {51},
  pages = {236--239},
  author = {L. Matumba and C. {Van Poucke} and M. Monjerezi and E. N. Ediage and S. {De Saeger}},
  title = {Concentrating aflatoxins on the domestic market through groundnut export: A focus on Malawian groundnut value and supply chain},
  journal = {Food Control}
}
@incollection{gbashi2018socio,
  doi = {10.5772/intechopen.79328},
  year = {2019},
  month = aug,
  publisher = {{IntechOpen}},
  author = {S. Gbashi and N. E. Madala and S. {De Saeger} and M. {De Boevre} and I. Adekoya and O. A. Adebo and P. B. Njobeh},
  title = {The Socio-Economic Impact of Mycotoxin Contamination in Africa},
  booktitle = {Mycotoxins - Impact and Management Strategies}
}
@article{caceres2020aflatoxin,
  doi = {10.3390/toxins12030150},
  year = {2020},
  month = feb,
  publisher = {{MDPI} {AG}},
  volume = {12},
  number = {3},
  pages = {150},
  author = {I. Caceres and A. {Al Khoury} and R. {El Khoury} and S. Lorber and I. P. Oswald and A.{El Khoury} and A. Atoui and O. Puel and J.-D. Bailly},
  title = {Aflatoxin Biosynthesis and Genetic Regulation: A Review},
  journal = {Toxins}
}
@article{ismail2018aflatoxin,
  doi = {10.1016/j.foodres.2018.06.067},
  year = {2018},
  month = nov,
  publisher = {Elsevier {BV}},
  volume = {113},
  pages = {74--85},
  author = {Ismail, A. and {Gon√ßalves}, B. L. and {de Neeff}, D. V. and {Ponzilacqua}, B. and {Coppa}, C. F.S.C. and Hintzsche, H. and Sajid, M. and Cruz, A. G. and {Corassin}, C. H. and Oliveira, C. A.F.},
  title = {Aflatoxin in foodstuffs: Occurrence and recent advances in decontamination},
  journal = {Food Research International}
}
@article{rushing2016effect,
  doi = {10.1080/19440049.2016.1217065},
  year = {2016},
  month = aug,
  publisher = {Informa {UK} Limited},
  volume = {33},
  number = {9},
  pages = {1456--1467},
 author = {Rushing, B. R. and Selim, M. I.},
 title = {Effect of dietary acids on the formation of aflatoxin B2a as a means to detoxify aflatoxin B1},
  journal = {Food Additives \& Contaminants: Part A}
}
@article{starr2017solvent,
  doi = {10.1007/s12550-017-0278-x},
  year = {2017},
  month = apr,
  publisher = {Springer Science and Business Media {LLC}},
  volume = {33},
  number = {3},
  pages = {197--205},
  author = {Starr, J. M. and Rushing, B. R. and Selim, M. I.},
  title = {Solvent-dependent transformation of aflatoxin B1 in soil},
  journal = {Mycotoxin Research}
}
@article{wu2009biological,
  doi = {10.1080/03602530802563850},
  year = {2009},
  month = jan,
  publisher = {Informa {UK} Limited},
  volume = {41},
  number = {1},
  pages = {1--7},
  author = {Wu, Q. and Jezkova, A. and Yuan, Z. and Pavlikova, L. and Dohnal, V. and Kuca, K.},
  title = {Biological degradation of aflatoxins},
  journal = {Drug Metabolism Reviews}
}
@article{wu2015global,
  doi = {10.3920/wmj2014.1737},
  year = {2015},
  month = jan,
  publisher = {Brill},
  volume = {8},
  number = {2},
  pages = {137--142},
  author = {F. Wu},
  title = {Global impacts of aflatoxin in maize: trade and human health},
  journal = {World Mycotoxin Journal}
}
@article{chilaka2022mycotoxin,
  doi = {10.3390/toxins14070442},
  year = {2022},
  month = jun,
  publisher = {{MDPI} {AG}},
  volume = {14},
  number = {7},
  pages = {442},
author = {Chilaka, C. A. and Obidiegwu, J. E. and Chilaka, A. C. and Atanda, O. O. and Mally, A.},
  title = {Mycotoxin Regulatory Status in Africa: A Decade of Weak Institutional Efforts},
  journal = {Toxins}
}
@article{wu2013global,
  doi = {10.1093/toxsci/kft132},
  year = {2013},
  month = jun,
  publisher = {Oxford University Press ({OUP})},
  volume = {135},
  number = {1},
  pages = {251--259},
  author = {Wu, F. and Stacy, S. L. and Kensler, T. W.},
  title = {Global Risk Assessment of Aflatoxins in Maize and Peanuts: Are Regulatory Standards Adequately Protective?},
  journal = {Toxicological Sciences}
}
@article{gruber2019global,
  doi = {10.3390/toxins11070375},
  year = {2019},
  month = jun,
  publisher = {{MDPI} {AG}},
  volume = {11},
  number = {7},
  pages = {375},
author = {Gruber-Dorninger, C. and Jenkins, T. and Schatzmayr, G.},
title = {Global Mycotoxin Occurrence in Feed: A Ten-Year Survey},
  journal = {Toxins}
}
@article{horn2003ecology,
  doi = {10.1081/txr-120024098},
  year = {2003},
  month = jan,
  publisher = {Informa {UK} Limited},
  volume = {22},
  number = {2-3},
  pages = {351--379},
  author = {B. W. Horn},
  title = {Ecology and Population Biology of Aflatoxigenic Fungi in Soil},
  journal = {Journal of Toxicology: Toxin Reviews}
}
@incollection{elmholt2008mycotoxins,
  doi = {10.1007/978-3-540-74543-3_9},
  year = {2008},
  publisher = {Springer Berlin Heidelberg},
  pages = {167--203},
  author = {S. Elmholt},
  title = {Mycotoxins in the Soil Environment},
  booktitle = {Secondary Metabolites in Soil Ecology}
}
@article{thieu2009zearalenone,
  doi = {10.1007/s12550-009-0009-z},
  year = {2009},
  month = mar,
  publisher = {Springer Science and Business Media {LLC}},
  volume = {25},
  number = {2},
  pages = {59--66},
  author = {N. Q. Thieu and H. Pettersson},
  title = {Zearalenone,  deoxynivalenol and aflatoxin B1 and their metabolites in pig urine as biomarkers for mycotoxin exposure},
  journal = {Mycotoxin Research}
}
@article{allcroft1968excretion,
  doi = {10.1016/0015-6264(68)90311-8},
  year = {1968},
  month = jan,
  publisher = {Elsevier {BV}},
  volume = {6},
  number = {5},
  pages = {619--625},
  author = {R. Allcroft and B.A. Roberts and M.K. Lloyd},
  title = {Excretion of aflatoxin in a lactating cow},
  journal = {Food and Cosmetics Toxicology}
}
@article{stanley2020performance,
  doi = {10.1038/s41598-020-70370-x},
  year = {2020},
  month = aug,
  publisher = {Springer Science and Business Media {LLC}},
  volume = {10},
  number = {1},
  author = {Stanley, J. and Patras, A. and Pendyala, B. and Vergne, M. J. and Bansode, R. R.},
  title = {Performance of a {UV}-A {LED} system for degradation of aflatoxins B1 and M1 in pure water: kinetics and cytotoxicity study},
  journal = {Scientific Reports}
}
@article{ma2017probing,
  doi = {10.3390/toxins9070209},
  year = {2017},
  month = jul,
  publisher = {{MDPI} {AG}},
  volume = {9},
  number = {7},
  pages = {209},
  author = {L. Ma and J. Wang and Y. Zhang},
  title = {Probing the Characterization of the Interaction of Aflatoxins B1 and G1 with Calf Thymus {DNA} In Vitro},
  journal = {Toxins}
}
@article{li2019effect,
  doi = {10.1111/jfpp.13914},
  year = {2019},
  month = feb,
  publisher = {Hindawi Limited},
  volume = {43},
  number = {4},
  pages = {e13914},
  author = {Li, H. and Xiong, Z. and Gui, D. and Pan, Y. and Xu, M. and Guo, Y. and Leng, J. and Li, X.},
  title = {Effect of ozonation and {UV} irradiation on aflatoxin degradation of peanuts},
  journal = {Journal of Food Processing and Preservation}
}
@article{kang2016understanding,
  doi = {10.1016/j.jhazmat.2016.08.006},
  year = {2016},
  month = dec,
  publisher = {Elsevier {BV}},
  volume = {320},
  pages = {80--87},
  author = {Kang, F. and Ge, Y. and Hu, X. and Goikavi, C. and Waigi, M. G. and Gao, Y. and Ling, W.},
  title = {Understanding the sorption mechanisms of aflatoxin B1 to kaolinite,  illite,  and smectite clays via a comparative computational study},
  journal = {Journal of Hazardous Materials}
}
@article{schenzel2012experimentally,
  doi = {10.1021/es300361g},
  year = {2012},
  month = may,
  publisher = {American Chemical Society ({ACS})},
  volume = {46},
  number = {11},
  pages = {6118--6126},
  title={Experimentally determined soil organic matter--water sorption coefficients for different classes of natural toxins and comparison with estimated numbers},
  author={Schenzel, J. and Goss, K.-U. and Schwarzenbach, R. P. and Bucheli, T. D. and Droge, S. T. J.},
  journal={Environmental science \& technology}
}
@article{van2006vitro,
  doi = {10.1093/ps/85.9.1576},
  year = {2006},
  month = sep,
  publisher = {Elsevier {BV}},
  volume = {85},
  number = {9},
  pages = {1576--1583},
author = {{Van Rensburg}, C. Jansen and {Van Rensburg}, C.E.J. and {Van Ryssen}, J.B.J. and Casey, N.H. and Rottinghaus, G.E.},
title = {In Vitro and In Vivo Assessment of Humic Acid as an Aflatoxin Binder in Broiler Chickens},
  journal = {Poultry Science}
}
@article{jaynes2007aflatoxin,
  doi = {10.1016/j.clay.2006.06.012},
  year = {2007},
  month = apr,
  publisher = {Elsevier {BV}},
  volume = {36},
  number = {1-3},
  pages = {197--205},
  author = {Jaynes, W. F. and Zartman, R. E. and Hudnall, W. H.},
  title = {Aflatoxin B1 adsorption by clays from water and corn meal},
  journal = {Applied Clay Science}
}
@article{tebes2018demonstration,
  doi = {10.1016/j.chemosphere.2017.11.137},
  year = {2018},
  month = mar,
  publisher = {Elsevier {BV}},
  volume = {194},
  pages = {94--106},
  author = {Tebes-Stevens, C. and Patel, J. M. and Koopmans, M. and Olmstead, J. and Hilal, S. H. and Pope, N. and Weber, E. J. and Wolfe, K.},
  title = {Demonstration of a consensus approach for the calculation of physicochemical properties required for environmental fate assessments},
  journal = {Chemosphere}
}
@article{goldberg1985aflatoxin,
  doi = {10.2134/jeq1985.00472425001400020014x},
  year = {1985},
  month = apr,
  publisher = {Wiley},
  volume = {14},
  number = {2},
  pages = {224--228},
  author = {B. S. Goldberg and J. S. Angle},
  title = {Aflatoxin Movement in Soil},
  journal = {Journal of Environmental Quality}
}
@article{alberts2009degradation,
  doi = {10.1016/j.ijfoodmicro.2009.07.022},
  year = {2009},
  month = sep,
  publisher = {Elsevier {BV}},
  volume = {135},
  number = {1},
  pages = {47--52},
  author = {J.F. Alberts and W.C.A. Gelderblom and A. Botha and W.H. {van Zyl}},
  title = {Degradation of aflatoxin B1 by fungal laccase enzymes},
  journal = {International Journal of Food Microbiology}
}
@article{motomura2003purification,
  doi = {10.1078/0944-5013-00199},
  year = {2003},
  publisher = {Elsevier {BV}},
  volume = {158},
  number = {3},
  pages = {237--242},
  author = {Motomura, M. and Toyomasu, T. and Mizuno, K. and Shinozawa, T.},
  title = {Purification and characterization of an aflatoxin degradation enzyme from Pleurotus ostreatus},
  journal = {Microbiological Research}
}
@article{megalla1982detoxification,
  doi = {10.1007/bf00437389},
  year = {1982},
  publisher = {Springer Science and Business Media {LLC}},
  volume = {77},
  number = {2},
  pages = {89--91},
  author = {S. E. Megalla and A. H. Hafez},
  title = {Detoxification of aflatoxin B1 by acidogenous yoghurt},
  journal = {Mycopathologia}
}
@article{kiessling1984metabolism,
  doi = {10.1128/aem.47.5.1070-1073.1984},
  year = {1984},
  month = may,
  publisher = {American Society for Microbiology},
  volume = {47},
  number = {5},
  pages = {1070--1073},
  author = {Kiessling, K. H. and Pettersson, H. and Sandholm, K. and Olsen, M.},
  title = {Metabolism of aflatoxin,  ochratoxin,  zearalenone,  and three trichothecenes by intact rumen fluid,  rumen protozoa,  and rumen bacteria},
  journal = {Applied and Environmental Microbiology}
}
@article{jones1996degradation,
  doi = {10.3382/ps.0750052},
  year = {1996},
  month = jan,
  publisher = {Elsevier {BV}},
  volume = {75},
  number = {1},
  pages = {52--58},
  author = {Jones, F. T. and Wineland, M. J. and Parsons, J. T. and Hagler Jr, W. M.},
  title = {Degradation of Aflatoxin by Poultry Litter},
  journal = {Poultry Science}
}
@article{angle1980decomposition,
  doi = {10.2136/sssaj1980.03615995004400060021x},
  year = {1980},
  month = nov,
  publisher = {Wiley},
  volume = {44},
  number = {6},
  pages = {1237--1240},
  author = {J. S. Angle and G. H. Wagner},
  title = {Decomposition of Aflatoxin in Soil},
  journal = {Soil Science Society of America Journal}
}
@article{angle1986aflatoxin,
  doi = {10.1080/03601238609372524},
  year = {1986},
  publisher = {Informa {UK} Limited},
  volume = {21},
  number = {4},
  pages = {277--288},
  author = {J. S. Angle},
  title = {Aflatoxin decomposition in various soils},
  journal = {Journal of Environmental Science and Health,  Part B}
}
@article{snigdha2013mechanism,
  doi = {10.1007/s11356-013-1781-z},
  year = {2013},
  month = may,
  publisher = {Springer Science and Business Media {LLC}},
  volume = {20},
  number = {12},
  pages = {8502--8510},
  author = {M. Snigdha and P. Hariprasad and G. Venkateswaran},
  title = {Mechanism of aflatoxin uptake in roots of intact groundnut (\textit{Arachis hypogaea} L.) seedlings},
  journal = {Environmental Science and Pollution Research}
}
@article{snigdha2015transport,
  doi = {10.1016/j.chemosphere.2014.07.033},
  year = {2015},
  month = jan,
  publisher = {Elsevier {BV}},
  volume = {119},
  pages = {524--529},
  author = {M. Snigdha and P. Hariprasad and G. Venkateswaran},
  title = {Transport via xylem and accumulation of aflatoxin in seeds of groundnut plant},
  journal = {Chemosphere}
}
@article{mertz1980uptake,
  doi = {10.1021/jf60231a003},
  year = {1980},
  month = may,
  publisher = {American Chemical Society ({ACS})},
  volume = {28},
  number = {5},
  pages = {963--966},
  author = {D. Mertz and D. Lee and M. Zuber and E. Lillehoj},
  title = {Uptake and metabolism of aflatoxin by Zea mays},
  journal = {Journal of Agricultural and Food Chemistry}
}
@article{jones1980toxic,
  doi = {10.1007/bf00493813},
  year = {1980},
  publisher = {Springer Science and Business Media {LLC}},
  volume = {72},
  number = {2},
  pages = {67--73},
  author = {H. C. Jones and J. C. Chancey and W. A. Morton and W. V. Dashek and G. C. Llewellyn},
  title = {Toxic responses of germinating pollen and soybeans to aflatoxins},
  journal = {Mycopathologia}
}
@article{hariprasad2015natural,
  doi = {10.1007/s11356-014-3851-2},
  year = {2014},
  month = nov,
  publisher = {Springer Science and Business Media {LLC}},
  volume = {22},
  number = {8},
  pages = {6246--6253},
  author = {P. Hariprasad and A. V. Vipin and S. Karuna and R. K. Raksha and G. Venkateswaran},
  title = {Natural aflatoxin uptake by sugarcane (\textit{Saccharum officinaurum} L.) and its persistence in jaggery},
  journal = {Environmental Science and Pollution Research}
}
@article{mertz1981absorption,
  doi = {10.1021/jf00108a017},
  year = {1981},
  month = nov,
  publisher = {American Chemical Society ({ACS})},
  volume = {29},
  number = {6},
  pages = {1168--1170},
  author = {Mertz, D. and Edward, T. and Lee, D. and Zuber, M.},
  title = {Absorption of aflatoxin by lettuce seedlings grown in soil adulterated with aflatoxin B1},
  journal = {Journal of Agricultural and Food Chemistry}
}
@article{hariprasad2013natural,
  doi = {10.1016/j.foodchem.2012.11.093},
  year = {2013},
  month = jun,
  publisher = {Elsevier {BV}},
  volume = {138},
  number = {2-3},
  pages = {1908--1913},
  author = {P. Hariprasad and P. Durivadivel and M. Snigdha and G. Venkateswaran},
  title = {Natural occurrence of aflatoxin in green leafy vegetables},
  journal = {Food Chemistry}
}
@article{teniola2005degradation,
  doi = {10.1016/j.ijfoodmicro.2005.05.004},
  year = {2005},
  month = nov,
  publisher = {Elsevier {BV}},
  volume = {105},
  number = {2},
  pages = {111--117},
    author = {Teniola, O. D. and Addo, P. A. and Brost, I. M. and F{\"a}rber, P. and Jany, K-D. and Alberts, J. F. and {Van Zyl}, W. H. and Steyn, P. S. and Holzapfel, W. H.},
  title = {Degradation of aflatoxin B1 by cell-free extracts of \textit{Rhodococcus erythropolis} and \textit{Mycobacterium fluoranthenivorans} sp. nov. {DSM}44556T},
  journal = {International Journal of Food Microbiology}
}
@article{albert2021validation,
  doi = {10.1021/acsomega.1c01451},
  year = {2021},
  month = jul,
  publisher = {American Chemical Society ({ACS})},
  volume = {6},
  number = {29},
  pages = {18684--18693},
  author = {Albert, J. and More, C. A. and Dahlke, N. R. P. and Steinmetz, Z. and Schaumann, G. E. and Mu{\~{n}}oz, K.},
  title = {Validation of a Simple and Reliable Method for the Determination of Aflatoxins in Soil and Food Matrices},
  journal = {{ACS} Omega}
}
@article{albert2022kinetics,
  doi = {10.1038/s41598-022-20727-1},
  year = {2022},
  month = oct,
  publisher = {Springer Science and Business Media {LLC}},
  volume = {12},
  number = {1},
  author = {Julius Albert and Katherine Mu{\~{n}}oz},
  title = {Kinetics of microbial and photochemical degradation of aflatoxin B1 in a sandy loam and clay soil},
  journal = {Scientific Reports}
}
@article{albert2023soil,
  doi = {10.3390/soilsystems7010023},
  year = {2023},
  month = mar,
  publisher = {{MDPI} {AG}},
  volume = {7},
  number = {1},
  pages = {23},
  author = {Julius Albert and Camilla More and Sven Korz and Katherine Mu{\~{n}}oz},
  title = {Soil Microbial Responses to Aflatoxin Exposure: Consequences for Biomass,  Activity and Catabolic Functionality},
  journal = {Soil Systems}
}
@software{steinmetz2021envalysis,
  title = {Envalysis: {{Miscellaneous Functions}} for {{Environmental Analyses}}},
  shorttitle = {Envalysis},
  author = {Steinmetz, Zacharias and Albert, Julius and Kenngott, Kilian},
  date = {2022},
  doi = {ft9p},
  version = {0.5.4}
}
@article{alberts2006biological,
  doi = {10.1016/j.ijfoodmicro.2006.01.019},
  year = {2006},
  month = may,
  publisher = {Elsevier {BV}},
  volume = {109},
  number = {1-2},
  pages = {121--126},
  author = {Alberts, J. and Engelbrecht, Y. and Steyn, P. and Holzapfel, W. and Vanzyl, W.},
  title = {Biological degradation of aflatoxin B1 by Rhodococcus erythropolis cultures},
  journal = {International Journal of Food Microbiology}
}
@article{wan2013toxicity,
  doi = {10.3382/ps.2012-02748},
  year = {2013},
  month = may,
  publisher = {Elsevier {BV}},
  volume = {92},
  number = {5},
  pages = {1244--1253},
  author = {X.L. Wan and Z.B. Yang and W.R. Yang and S.Z. Jiang and G.G. Zhang and S.L. Johnston and F. Chi},
  title = {Toxicity of increasing aflatoxin B1 concentrations from contaminated corn with or without clay adsorbent supplementation in ducklings},
  journal = {Poultry Science}
}
@article{schell1993effects,
  doi = {10.2527/1993.7151209x},
  year = {1993},
  month = may,
  publisher = {Oxford University Press ({OUP})},
  volume = {71},
  number = {5},
  pages = {1209--1218},
  author = {T. C. Schell and M. D. Lindemann and E. T. Kornegay and D. J. Blodgett},
  title = {Effects of feeding aflatoxin-contaminated diets with and without clay to weanling and growing pigs on performance,  liver function,  and mineral metabolism},
  journal = {Journal of Animal Science}
}
@article{ahmed2015interaction,
  doi = {10.1016/j.scitotenv.2014.11.087},
  year = {2015},
  month = mar,
  publisher = {Elsevier {BV}},
  volume = {508},
  pages = {276--287},
  author = {Ahmed, A. A. and Thiele-Bruhn, S. and Aziz, S.G. and Hilal, R.H. and Elroby, S.A. and Al-Youbi, A.O. and Leinweber, P. and K\"{u}hn, O.},
  title = {Interaction of polar and nonpolar organic pollutants with soil organic matter: Sorption experiments and molecular dynamics simulation},
  journal = {Science of The Total Environment}
}
@article{zhu2004evidence,
  doi = {10.1021/es035379e},
  year = {2004},
  month = jul,
  publisher = {American Chemical Society ({ACS})},
  volume = {38},
  number = {16},
  pages = {4361--4368},
  author = {Zhu, D. and Hyun, S. and Pignatello, J.J. and Lee, L.S.},
  title = {Evidence for $\uppi$-$\uppi$ Electron Donor-Acceptor Interactions between $\uppi$-Donor Aromatic Compounds and $\uppi$-Acceptor Sites in Soil Organic Matter through {pH} Effects on Sorption},
  journal = {Environmental Science \& Technology}
}
@article{horn1995effect,
  doi = {10.1128/aem.61.7.2472-2475.1995},
  year = {1995},
  month = jul,
  publisher = {American Society for Microbiology},
  volume = {61},
  number = {7},
  pages = {2472--2475},
  author = {Horn, B.W. and Greene, R.L. and Dorner, J.W.},
  title = {Effect of corn and peanut cultivation on soil populations of \textit{Aspergillus flavus} and \textit{A. parasiticus} in southwestern Georgia},
  journal = {Applied and Environmental Microbiology}
}
@article{fripiat1974clays,
  doi = {10.1146/annurev.ea.02.050174.001323},
  year = {1974},
  month = may,
  publisher = {Annual Reviews},
  volume = {2},
  number = {1},
  pages = {239--256},
  author = {Fripiat, J.J. and Cruz-Cumplido, M.I.},
  title = {Clays as Catalysts for Natural Processes},
  journal = {Annual Review of Earth and Planetary Sciences}
}
@incollection{birkel2002abiotic,
  doi = {10.1016/s0166-2481(02)80067-8},
  year = {2002},
  publisher = {Elsevier},
  pages = {437--447},
  author = {U. Birkel and G. Gerold and J. Niemeyer},
  title = {Abiotic reactions of organics on clay mineral surfaces},
  booktitle = {Developments in Soil Science}
}
@article{garrido2010clays,
  doi = {10.1016/j.clay.2009.11.044},
  year = {2010},
  month = feb,
  publisher = {Elsevier {BV}},
  volume = {47},
  number = {3-4},
  pages = {182--192},
  author = {E.G. Garrido-Ram{\'{\i}}rez and B.K.G Theng and M.L. Mora},
  title = {Clays and oxide minerals as catalysts and nanocatalysts in Fenton-like reactions {\textemdash} A review},
  journal = {Applied Clay Science}
}
@article{wang2020transformation,
  doi = {10.1007/s00128-019-02747-2},
  year = {2019},
  month = nov,
  publisher = {Springer Science and Business Media {LLC}},
  volume = {104},
  number = {1},
  pages = {8--14},
  author = {Wang, Y. and Jin, X. and Peng, A. and Gu, C.},
  title = {Transformation and toxicity of environmental contaminants as influenced by Fe containing clay minerals: a review},
  journal = {Bulletin of Environmental Contamination and Toxicology}
}
@article{piva1995detoxification,
  doi = {10.1016/0271-5317(95)00042-h},
  year = {1995},
  month = may,
  publisher = {Elsevier {BV}},
  volume = {15},
  number = {5},
  pages = {767--776},
  author = {G. Piva and F. Galvano and A. Pietri and A. Piva},
  title = {Detoxification methods of aflatoxins. A review},
  journal = {Nutrition Research}
}
@article{diao2015ultraviolet,
    doi = {10.1016/j.tifs.2014.12.001},
	title={Ultraviolet irradiation detoxification of aflatoxins},
	author = {Diao, E. and Li, X. and Zhang, Z. and Ma, W. and Ji, N. and Dong, H.},
	journal={Trends in Food Science \& Technology},
	volume={42},
	number={1},
	pages={64--69},
	year={2015},
    month = mar,
	publisher={Elsevier {BV}}
}
@article{peng2018current,
  doi = {10.1016/j.tifs.2018.08.009},
  year = {2018},
  month = oct,
  publisher = {Elsevier {BV}},
  volume = {80},
  pages = {155--166},
  author = {Peng, Z. and Chen, L. and Zhu, Y. and Huang, Y. and Hu, X. and Wu, Q. and N{\"u}ssler, A. K. and Liu, L. and Yang, W.},
  title = {Current major degradation methods for aflatoxins: A review},
  journal = {Trends in Food Science \& Technology}
}
@article{pankaj2018review,
	doi = {10.1016/j.tifs.2017.11.007},
    title={A review of novel physical and chemical decontamination technologies for aflatoxin in food},
	author = {S.K. Pankaj and H. Shi and K. M. Keener},
	journal={Trends in Food Science \& Technology},
	volume={71},
	pages={73--83},
	year={2018},
    month = jan,
	publisher={Elsevier}
}
@article{parte2017microbial,
  doi = {10.5897/ajmr2016.8402},
  year = {2017},
  month = jun,
  publisher = {Academic Journals},
  volume = {11},
  number = {24},
  pages = {992--1012},
  author = {G. P. Satish and D. M. Ashokrao and S. K. Arun},
  title = {Microbial degradation of pesticide: A review},
  journal = {African Journal of Microbiology Research}
}
@article{juraschek2022mycotoxins,
  doi = {10.1016/j.scitotenv.2021.152425},
  year = {2022},
  month = mar,
  publisher = {Elsevier {BV}},
  volume = {814},
  pages = {152425},
  author = {Juraschek, L. M. and Kappenberg, A. and Wulf, Amelung},
  title = {Mycotoxins in soil and environment},
  journal = {Science of The Total Environment}
}
@article{hattenschwiler2005biodiversity,
  doi = {10.1146/annurev.ecolsys.36.112904.151932},
  year = {2005},
  month = dec,
  publisher = {Annual Reviews},
  volume = {36},
  number = {1},
  pages = {191--218},
  author = {H{\"a}ttenschwiler, S. and Tiunov, A. V. and Scheu, S.},
  title = {Biodiversity and Litter Decomposition in Terrestrial Ecosystems},
  journal = {Annual Review of Ecology,  Evolution,  and Systematics}
}
@incollection{prasad2021soil,
  doi = {10.1007/978-981-15-6949-4_1},
  year = {2020},
  month = nov,
  publisher = {Springer Singapore},
  pages = {1--21},
  author = {Prasad, S. and Malav, L. C. and Choudhary, J. and Kannojiya, S. and Kundu, M. and Kumar, S. and Yadav, A. N.},
  title = {Soil Microbiomes for Healthy Nutrient Recycling},
  booktitle = {Environmental and Microbial Biotechnology}
}
@article{doran2000soil,
  doi = {10.1016/s0929-1393(00)00067-6},
  year = {2000},
  month = aug,
  publisher = {Elsevier {BV}},
  volume = {15},
  number = {1},
  pages = {3--11},
  author = {Doran, J. W. and Zeiss, M. R.},
  title = {Soil health and sustainability: managing the biotic component of soil quality},
  journal = {Applied Soil Ecology}
}
@article{m2020soil,
  doi = {10.3390/su12124859},
  year = {2020},
  month = jun,
  publisher = {{MDPI} {AG}},
  volume = {12},
  number = {12},
  pages = {4859},
  author = {Tahat, M. M. and Alananbeh, K. M. and Othman, Y. A. and Leskovar, D. I.},
  title = {Soil Health and Sustainable Agriculture},
  journal = {Sustainability}
}
@article{maikhuri2012soil,
	title={Soil quality and soil health: A review},
	author={Maikhuri, Rakesh K and Rao, Kottapalli S},
	journal={International Journal of Ecology and Environmental Sciences},
	volume={38},
	number={1},
	pages={19--37},
	year={2012}
}
@article{lehmann2020concept,
  doi = {10.1038/s43017-020-0080-8},
  year = {2020},
  month = aug,
  publisher = {Springer Science and Business Media {LLC}},
  volume = {1},
  number = {10},
  pages = {544--553},
  author = {Lehmann, J. and Bossio, D. A. and K{\"o}gel-Knabner, I. and Rillig, M. C.},
  title = {The concept and future prospects of soil health},
  journal = {Nature Reviews Earth \& Environment}
}
@article{du2022conservation,
  doi = {10.1016/j.iswcr.2021.08.001},
  year = {2022},
  month = jun,
  publisher = {Elsevier {BV}},
  volume = {10},
  number = {2},
  pages = {188--196},
  aauthor = {Du, X. and Jian, J. and Du, C. and Stewart, R. D.},
  title = {Conservation management decreases surface runoff and soil erosion},
  journal = {International Soil and Water Conservation Research}
}
@article{sokol2022life,
  doi = {10.1038/s41579-022-00695-z},
  year = {2022},
  month = feb,
  publisher = {Springer Science and Business Media {LLC}},
  volume = {20},
  number = {7},
  pages = {415--430},
  author = {Sokol, N. W. and Slessarev, E. and Marschmann, G. L. and Nicolas, A. and Blazewicz, S. J. and Brodie, E. L. and Firestone, M. K. and Foley, M. M. and Hestrin, R. and Hungate, B. A. and Koch, B. J. and Stone, B. W. and Sullivan, M. B. and Zablocki, O. and Trubl, G. and McFarlane, K. and Stuart, R. and Nuccio, E. and Weber, P. and Jiao, Y. and Zavarin, M. and Kimbrel, J. and Morrison, K. and Adhikari, D. and Bhattacharaya, A. and Nico, P. and Tang, J. and Didonato, N. and Pa{\v{s}}a-Toli{\'{c}}, L. and Greenlon, A. and Sieradzki, E. T. and Dijkstra, P. and Schwartz, E. and Sachdeva, R. and Banfield, J. and Pett-Ridge, J.},
  title = {Life and death in the soil microbiome: how ecological processes influence biogeochemistry},
  journal = {Nature Reviews Microbiology}
}
@incollection{sacca2017ecosystem,
  doi = {10.1007/978-3-319-63336-7_2},
  year = {2017},
  publisher = {Springer International Publishing},
  pages = {9--24},
  author = {Sacc{\'{a}}, M. L. and Caracciolo, A. B. and Lenola, M. D. and Grenni, P.},
  title = {Ecosystem Services Provided By Soil Microorganisms},
  booktitle = {Soil Biological Communities and Ecosystem Resilience}
}
@article{jaime2004aspergillus,
  doi = {10.1094/pdis.2004.88.12.1366},
  year = {2004},
  month = dec,
  publisher = {Scientific Societies},
  volume = {88},
  number = {12},
  pages = {1366--1371},
  author = {Jaime-Garcia, R. and Cotty, P. J.},
  title = {\textit{Aspergillus flavus} in Soils and Corncobs in South Texas: Implications for Management of Aflatoxins in Corn-Cotton Rotations},
  journal = {Plant Disease}
}
@article{orum1997spatial,
  doi = {10.1094/pdis.1997.81.8.911},
  year = {1997},
  month = aug,
  publisher = {Scientific Societies},
  volume = {81},
  number = {8},
  pages = {911--916},
  author = {Orum, T. V. and Bigelow, D. M. and Nelson, M. R. and Howell, D. R. and Cotty, P. J.},
  title = {Spatial and Temporal Patterns of \textit{Aspergillus flavus} Strain Composition and Propagule Density in Yuma County,  Arizona,  Soils},
  journal = {Plant Disease}
}
@incollection{carter2013aflatoxins,
  doi = {10.1007/978-1-4757-4439-2_5},
  year = {2002},
  publisher = {Springer {US}},
  pages = {47--62},
  author = {Carter, D. A. and Tran-Dinh, N. and Stat, M. and Kumar, S. and Bui, T. and Pitt, J. I.},
  title = {The Aflatoxins: Evolution,  Function and Prospects for Control},
  booktitle = {Advances in Microbial Toxin Research and Its Biotechnological Exploitation}
}
@article{wicklow1983intrafungal,
  doi = {10.1139/m83-001},
  year = {1983},
  month = jan,
  publisher = {Canadian Science Publishing},
  volume = {29},
  number = {1},
  pages = {1--5},
  author = {D. T. Wicklow and O. L. Shotwell},
  title = {Intrafungal distribution of aflatoxins among conidia and sclerotia of \textit{Aspergillus flavus} and \textit{Aspergillus parasiticus}},
  journal = {Canadian Journal of Microbiology}
}
@article{weckbach1977aflatoxin,
  doi = {10.1007/bf00491994},
  year = {1977},
  publisher = {Springer Science and Business Media {LLC}},
  volume = {62},
  number = {1},
  pages = {39--45},
  author = {L. S. Weckbach and E. H. Marth},
  title = {Aflatoxin production by \textit{Aspergillus parasiticus} in a competitive environment},
  journal = {Mycopathologia}
}
@article{cuero1987stimulation,
  doi = {10.1128/aem.53.5.1142-1146.1987},
  year = {1987},
  month = may,
  publisher = {American Society for Microbiology},
  volume = {53},
  number = {5},
  pages = {1142--1146},
  author = {R. G. Cuero and J. E. Smith and J. Lacey},
  title = {Stimulation by \textit{Hyphopichia burtonii} and \textit{Bacillus amyloliquefaciens} of aflatoxin production by \textit{Aspergillus flavus} in irradiated maize and rice grains},
  journal = {Applied and Environmental Microbiology}
}
@article{type1980interference,
  title={Interference competition and aflatoxin levels in corn},
  author={Wicklow, D.T. and Hesseltine, C.W. and Shotwell, O.L. and Adams, G.L.},
  year={1980},
  journal={Phytopathology},
  volume={70},
  pages={761--764},
}
@article{burmeister1966survey,
  doi = {10.1128/am.14.3.403-404.1966},
  year = {1966},
  month = may,
  publisher = {American Society for Microbiology},
  volume = {14},
  number = {3},
  pages = {403--404},
  author = {H. R. Burmeister and C. W. Hesseltine},
  title = {Survey of the Sensitivity of Microorganisms to Aflatoxin},
  journal = {Applied Microbiology}
}
@article{arai1967antimicrobial,
  doi = {10.1128/jb.93.1.59-64.1967},
  year = {1967},
  month = jan,
  publisher = {American Society for Microbiology},
  volume = {93},
  number = {1},
  pages = {59--64},
  author = {Arai, T. and Ito, T. and Koyama, Y.},
  title = {Antimicrobial Activity of Aflatoxins},
  journal = {Journal of Bacteriology}
}
@article{angle1981aflatoxin,
  doi = {10.1016/0038-0717(81)90081-x},
  year = {1981},
  month = jan,
  publisher = {Elsevier {BV}},
  volume = {13},
  number = {5},
  pages = {381--384},
  author = {J.S. Angle and G.H. Wagner},
  title = {Aflatoxin B1 effects on soil microorganisms},
  journal = {Soil Biology and Biochemistry}
}
@article{drott2019fitness,
  doi = {10.1128/mbio.02782-18},
  year = {2019},
  month = feb,
  publisher = {American Society for Microbiology},
  volume = {10},
  number = {1},
  author = {Drott, M. T. and Debenport, T. and Higgins, S. A. and Buckley, D. H. and Milgroom, M. G.},
  editor = {Jennifer Martiny},
  title = {Fitness Cost of Aflatoxin Production in \textit{Aspergillus flavus} When Competing with Soil Microbes Could Maintain Balancing Selection},
  journal = {{mBio}}
}
@article{pham2012cultivation,
  doi = {10.1016/j.tibtech.2012.05.007},
  year = {2012},
  month = sep,
  publisher = {Elsevier {BV}},
  volume = {30},
  number = {9},
  pages = {475--484},
  author = {V.H.T. Pham and J. Kim},
  title = {Cultivation of unculturable soil bacteria},
  journal = {Trends in Biotechnology}
}
@article{joergensen2006methods,
  doi = {10.1002/jpln.200521941},
  year = {2006},
  month = jun,
  publisher = {Wiley},
  volume = {169},
  number = {3},
  pages = {295--309},
  author = {Joergensen, R. G. and Emmerling, C.},
  title = {Methods for evaluating human impact on soil microorganisms based on their activity,  biomass,  and diversity in agricultural soils},
  journal = {Journal of Plant Nutrition and Soil Science}
}
@article{blagodatskaya2013active,
  doi = {10.1016/j.soilbio.2013.08.024},
  year = {2013},
  month = dec,
  publisher = {Elsevier {BV}},
  volume = {67},
  pages = {192--211},
  author = {E. Blagodatskaya and Y. Kuzyakov},
  title = {Active microorganisms in soil: Critical review of estimation criteria and approaches},
  journal = {Soil Biology and Biochemistry}
}
@article{madden1993preliminary,
  doi = {10.1016/0964-8305(93)90022-t},
  year = {1993},
  month = jan,
  publisher = {Elsevier {BV}},
  volume = {31},
  number = {4},
  pages = {265--275},
  author = {U.A. Madden and H.M. Stahr},
  title = {Preliminary determination of mycotoxin binding to soil when leaching through soil with water},
  journal = {International Biodeterioration \& Biodegradation}
}
@article{starr2008supercritical,
  doi = {10.1016/j.chroma.2008.09.015},
  year = {2008},
  month = oct,
  publisher = {Elsevier {BV}},
  volume = {1209},
  number = {1-2},
  pages = {37--43},
  author = {J.M. Starr and M.I. Selim},
  title = {Supercritical fluid extraction of aflatoxin B1 from soil},
  journal = {Journal of Chromatography A}
}
@article{lesueur2008comparison,
  doi = {10.1016/j.talanta.2007.11.031},
  year = {2008},
  month = mar,
  publisher = {Elsevier {BV}},
  volume = {75},
  number = {1},
  pages = {284--293},
  author = {Lesueur, C. and Gartner, M. and Mentler, A. and Fuerhacker, M.},
  title = {Comparison of four extraction methods for the analysis of 24 pesticides in soil samples with gas chromatography-mass spectrometry and liquid chromatography-ion trap--mass spectrometry},
  journal = {Talanta}
}
@article{cigic2009overview,
  doi = {10.3390/ijms10010062},
  year = {2009},
  month = jan,
  publisher = {{MDPI} {AG}},
  volume = {10},
  number = {1},
  pages = {62--115},
  author = {I.K. Cigi{\'{c}} and H. Prosen},
  title = {An Overview of Conventional and Emerging Analytical Methods for the Determination of Mycotoxins},
  journal = {International Journal of Molecular Sciences}
}
@article{gnonlonfin2013review,
  doi = {10.1080/10408398.2010.535718},
  year = {2012},
  month = apr,
  publisher = {Informa {UK} Limited},
  volume = {53},
  number = {4},
  pages = {349--365},
  author = {G. J. B. Gnonlonfin and K. Hell and Y. Adjovi and P. Fandohan and D. O. Koudande and G. A. Mensah and A. Sanni and L. Brimer},
  title = {A Review on Aflatoxin Contamination and Its Implications in the Developing World: A Sub-Saharan African Perspective},
  journal = {Critical Reviews in Food Science and Nutrition}
}
@misc{CAC1995,
	author={{Codex Alimentarius Commission}},
	shortauthor = {CAC},
	title={{General standard for contaminants and toxins in food and feed, CXS 193-1995}},
	journal={International Food Standards},
	year={1995}
}
@article{afsah2013review,
  doi = {10.1111/1541-4337.12029},
  year = {2013},
  month = oct,
  publisher = {Wiley},
  volume = {12},
  number = {6},
  pages = {629--651},
  author = {L. Afsah-Hejri and S. Jinap and P. Hajeb and S. Radu and S. Shakibazadeh},
  title = {A Review on Mycotoxins in Food and Feed: Malaysia Case Study},
  journal = {Comprehensive Reviews in Food Science and Food Safety}
}
@article{bennett2003clinical,
  doi = {10.1128/cmr.16.3.497-516.2003},
  year = {2003},
  month = jul,
  publisher = {American Society for Microbiology},
  volume = {16},
  number = {3},
  pages = {497--516},
  author = {J. W. Bennett and M. Klich},
  title = {Mycotoxins},
  journal = {Clinical Microbiology Reviews}
}
@article{haque2020mycotoxin,
  doi = {10.1016/j.micpath.2020.104095},
  year = {2020},
  month = may,
  publisher = {Elsevier {BV}},
  volume = {142},
  pages = {104095},
  author = {Haque, M. A. and Wang, Y. and Shen, Z. and Li, X. and Saleemi, M. K. and He, C.},
  title = {Mycotoxin contamination and control strategy in human,  domestic animal and poultry: A review},
  journal = {Microbial Pathogenesis}
}
@article{frisvad2005taxonomic,
  doi = {10.1016/j.syapm.2005.02.012},
  year = {2005},
  month = jul,
  publisher = {Elsevier {BV}},
  volume = {28},
  number = {5},
  pages = {442--453},
  author = {Frisvad, J. C. and Skouboe, P. and Samson, R. A.},
  title = {Taxonomic comparison of three different groups of aflatoxin producers and a new efficient producer of aflatoxin B1,  sterigmatocystin and 3-O-methylsterigmatocystin,  \textit{Aspergillus rambellii sp. nov.}},
  journal = {Systematic and Applied Microbiology}
}
@article{viaro2017first,
  doi = {10.1016/j.ijfoodmicro.2016.12.002},
  year = {2017},
  month = feb,
  publisher = {Elsevier {BV}},
  volume = {243},
  pages = {46--51},
  author = {Viaro, H. P. and Silva, J. J. and Ferranti, L. S. and Bordini, J. G. and Massi, F. P. and Fungaro, M. H. P.},
  title = {The first report of A. novoparasiticus,  A. arachidicola and A. pseudocaelatus in Brazilian corn kernels},
  journal = {International Journal of Food Microbiology}
}
@article{moral2020present,
  doi = {10.3390/agronomy10040491},
  year = {2020},
  month = apr,
  publisher = {{MDPI} {AG}},
  volume = {10},
  number = {4},
  pages = {491},
  author = {Moral, J. and Garcia-Lopez, M. T. and Camiletti, B. X. and Jaime, R. and Michailides, T. J. and Bandyopadhyay, R. and Ortega-Beltran, A.},
  title = {Present Status and Perspective on the Future Use of Aflatoxin Biocontrol Products},
  journal = {Agronomy}
}
@article{frisvad2019taxonomy,
  doi = {10.1016/j.simyco.2018.06.001},
  year = {2019},
  month = jun,
  publisher = {Westerdijk Fungal Biodiversity Institute},
  volume = {93},
  number = {1},
  pages = {1--63},
  author = {J.C. Frisvad and V. Hubka and C.N. Ezekiel and S.-B. Hong and A. Nov{\'{a}}kov{\'{a}} and A.J. Chen and M. Arzanlou and T.O. Larsen and F. Sklen{\'{a}}{\v{r}} and W. Mahakarnchanakul and R.A. Samson and J. Houbraken},
  title={Taxonomy of \textit{Aspergillus section Flavi} and their production of aflatoxins, ochratoxins and other mycotoxins},
  journal = {Studies in Mycology}
}
@article{benkerroum2020aflatoxins,
  doi = {10.3390/ijerph17041215},
  year = {2020},
  month = feb,
  publisher = {{MDPI} {AG}},
  volume = {17},
  number = {4},
  pages = {1215},
  author = {Benkerroum, N.},
  title = {Aflatoxins: Producing-Molds,  Structure,  Health Issues and Incidence in Southeast Asian and Sub-Saharan African Countries},
  journal = {International Journal of Environmental Research and Public Health}
}
@article{yoko2001aspergillus,
  doi = {10.1017/s0953756200003385},
  year = {2001},
  month = feb,
  publisher = {Elsevier {BV}},
  volume = {105},
  number = {2},
  pages = {233--239},
  author = {Ito, Y. and Peterson, S. W. and Wicklow, D. T. and Goto, T.},
  title = {\textit{Aspergillus pseudotamarii},  a new aflatoxin producing species in \textit{Aspergillus section Flavi}},
  journal = {Mycological Research}
}
@article{varga2009reappraisal,
  doi = {10.3920/wmj2008.1094},
  year = {2009},
  month = aug,
  publisher = {Brill},
  volume = {2},
  number = {3},
  pages = {263--277},
  author = {J. Varga and J. Frisvad and R. Samson},
  title = {A reappraisal of fungi producing aflatoxins},
  journal = {World Mycotoxin Journal}
}
@article{varga2015mycotoxin,
	title={Mycotoxin producers in the \textit{Aspergillus} genus: An update},
	aauthor = {Varga, J. and Baranyi, N. and Chandrasekaran, M. and V√°gv√∂lgyi, C. and Kocsub, S.},
	journal={Acta Biologica Szegediensis},
	volume={59},
	number={2},
	pages={151--167},
	year={2015},
	publisher={University of Szeged}
}
@article{abdel2012systems,
  doi = {10.1098/rsif.2011.0482},
  year = {2011},
  month = aug,
  publisher = {The Royal Society},
  volume = {9},
  number = {69},
  pages = {757--767},
  author = {Abdel-Hadi, A. and Schmidt-Heydt, M. and Parra, R. and Geisen, R. and Magan, N.},
  	title={A systems approach to model the relationship between aflatoxin gene cluster expression, environmental factors, growth and toxin production by \textit{Aspergillus flavus}},
  journal = {Journal of The Royal Society Interface}
}
@article{norlia2019aspergillus,
  doi = {10.3389/fmicb.2019.02602},
  year = {2019},
  month = nov,
  publisher = {Frontiers Media {SA}},
  volume = {10},
  author = {Norlia, M. and Jinap, S. and Nor-Khaizura, M.A.R. and Radu, S. and Samsudin, N.I.P. and Azri, F.A.},
  title = {\textit{Aspergillus} section \textit{Flavi} and Aflatoxins: Occurrence,  Detection,  and Identification in Raw Peanuts and Peanut-Based Products Along the Supply Chain},
  journal = {Frontiers in Microbiology}
}
@incollection{pleadin2019mycotoxins,
  doi = {10.1016/bs.afnr.2019.02.007},
  year = {2019},
  publisher = {Elsevier},
  pages = {297--345},
  author = {Pleadin, J. and Frece, J. and Markov, K.},
  title = {Mycotoxins in food and feed},
  booktitle = {Advances in Food and Nutrition Research}
}
@article{bryden2012mycotoxin,
  doi = {10.1016/j.anifeedsci.2011.12.014},
  year = {2012},
  month = apr,
  publisher = {Elsevier {BV}},
  volume = {173},
  number = {1-2},
  pages = {134--158},
  author = {W.L. Bryden},
  title = {Mycotoxin contamination of the feed supply chain: Implications for animal productivity and feed security},
  journal = {Animal Feed Science and Technology}
}
@article{kyei2021awareness,
  doi = {10.3390/ijerph181910335},
  year = {2021},
  month = sep,
  publisher = {{MDPI} {AG}},
  volume = {18},
  number = {19},
  pages = {10335},
  author = {Kyei, N. N. A. and Waid, J. L. and Ali, N. and Gabrysch, S.},
  title = {Awareness,  Experience,  and Knowledge of Farming Households in Rural Bangladesh Regarding Mold Contamination of Food Crops: A Cross-Sectional Study},
  journal = {International Journal of Environmental Research and Public Health}
}
@article{awuchi2022mycotoxins,
  doi = {10.3390/toxins14030167},
  year = {2022},
  month = feb,
  publisher = {{MDPI} {AG}},
  volume = {14},
  number = {3},
  pages = {167},
  author = {Awuchi, C. G. and Ondari, E. N. and Nwozo, S. and Odongo, G. A. and Eseoghene, I. J. and Twinomuhwezi, H. and Ogbonna, C. U. and Upadhyay, A. K. and Adeleye, A. O. and Okpala, C. O. R.},
  title = {Mycotoxins' Toxicological Mechanisms Involving Humans,  Livestock and Their Associated Health Concerns: A Review},
  journal = {Toxins}
}
@article{min2021overview,
  doi = {10.1016/j.aninu.2020.11.002},
  year = {2021},
  month = mar,
  publisher = {Elsevier {BV}},
  volume = {7},
  number = {1},
  pages = {42--48},
  author = {Min, L. and Fink-Gremmels, J. and Li, D. and Tong, X. and Tang, J. and Nan, X. and Yu, Z. and Chen, W. and Wang, G.},
  journal = {Animal Nutrition}
}
@article{inger2011carry,
  doi = {10.4236/fns.2011.28117},
  year = {2011},
  publisher = {Scientific Research Publishing,  Inc.},
  volume = {02},
  number = {08},
  pages = {852--867},
  author = {V{\"o}lkel, I. and Schr{\"o}er-Merker, E. and Czerny, C.-P.},
  title = {The Carry-Over of Mycotoxins in Products of Animal Origin with Special Regard to Its Implications for the European Food Safety Legislation},
  journal = {Food and Nutrition Sciences}
}
@article{medina2014effect,
  doi = {10.3389/fmicb.2014.00348},
  year = {2014},
  month = jul,
  publisher = {Frontiers Media {SA}},
  volume = {5},
  author = {Medina, A. and Rodriguez, A. and Magan, N.},
  title = {Effect of climate change on \textit{Aspergillus flavus} and aflatoxin B1 production},
  journal = {Frontiers in Microbiology}
}
@article{battilani2016aflatoxin,
  doi = {10.1038/srep24328},
  year = {2016},
  month = apr,
  publisher = {Springer Science and Business Media {LLC}},
  volume = {6},
  number = {1},
  author = {P. Battilani and P. Toscano and H. J. {Van der Fels-Klerx} and A. Moretti and M. {Camardo Leggieri} and C. Brera and A. Rortais and T. Goumperis and T. Robinson},
  title = {Aflatoxin B1 contamination in maize in Europe increases due to climate change},
  journal = {Scientific Reports}
}
@article{tolosa2021multi,
  doi = {10.1016/j.fct.2021.112661},
  year = {2021},
  month = dec,
  publisher = {Elsevier {BV}},
  volume = {158},
  pages = {112661},
  author = {J. Tolosa and Y. Rodr{\'{\i}}guez-Carrasco and M.J. Ruiz and P. Vila-Donat},
  title = {Multi-mycotoxin occurrence in feed,  metabolism and carry-over to animal-derived food products: A review},
  journal = {Food and Chemical Toxicology}
}
@article{chavarria2015detection,
  doi = {10.1080/19393210.2015.1015176},
  year = {2015},
  month = apr,
  publisher = {Informa {UK} Limited},
  volume = {8},
  number = {2},
  pages = {128--135},
  author = {Chavarr{\'{\i}}a, G. and Granados-Chinchilla, F. and Alfaro-Cascante, M. and Molina, A.},
  title = {Detection of aflatoxin M1 in milk,  cheese and sour cream samples from Costa Rica using enzyme-assisted extraction and {HPLC}},
  journal = {Food Additives \& Contaminants: Part B}
}
@article{aristil2020fungal,
  doi = {10.1016/j.jspr.2019.101550},
  year = {2020},
  month = jan,
  publisher = {Elsevier {BV}},
  volume = {85},
  pages = {101550},
  author = {Aristil, J. and Venturini, G. and Maddalena, G. and Toffolatti, S. L. and Spada, A.},
  title = {Fungal contamination and aflatoxin content of maize,  moringa and peanut foods from rural subsistence farms in South Haiti},
  journal = {Journal of Stored Products Research}
}
@article{cantu2016occurrence,
  doi = {10.1016/j.foodcont.2015.10.004},
  year = {2016},
  month = apr,
  publisher = {Elsevier {BV}},
  volume = {62},
  pages = {16--22},
  author = {F. Cant{\'{u}}-Cornelio and J.E. Aguilar-Toal{\'{a}} and C.I. {de Le{\'{o}}n-Rodr{\'{\i}}guez} and J. Esparza-Romero and B. Vallejo-Cordoba and A.F. Gonz{\'{a}}lez-C{\'{o}}rdova and H.S. Garc{\'{\i}}a and A. Hern{\'{a}}ndez-Mendoza},
  title = {Occurrence and factors associated with the presence of aflatoxin M1 in breast milk samples of nursing mothers in central Mexico},
  journal = {Food Control}
}
@article{quevedo2020aflatoxin,
  doi = {10.3390/toxins12020100},
  year = {2020},
  month = feb,
  publisher = {{MDPI} {AG}},
  volume = {12},
  number = {2},
  pages = {100},
  author = {Quevedo-Garza, Patricia A. and Amador-Espejo, Genaro G. and Salas-Garc{\'i}a, Rogelio and Ramos-Pe{\~n}a, Esteban G. and Trujillo, Antonio-Jos\'e},
  title = {Aflatoxin M1 Determination in Infant Formulae Distributed in Monterrey,  Mexico},
  journal = {Toxins}
}
@article{li2017aflatoxin,
  doi = {10.1016/j.foodcont.2017.06.036},
  year = {2017},
  month = dec,
  publisher = {Elsevier {BV}},
  volume = {82},
  pages = {121--125},
  author = {S. Li and L. Min and P. Wang and Y. Zhang and N. Zheng and J. Wang},
  title = {Aflatoxin M1 contamination in raw milk from major milk-producing areas of China during four seasons of 2016},
  journal = {Food Control}
}
@article{guo2013aflatoxin,
  doi = {10.4315/0362-028x.jfp-12-419},
  year = {2013},
  month = may,
  publisher = {Elsevier {BV}},
  volume = {76},
  number = {5},
  pages = {849--853},
  author = {Y. Guo and Y. Yuan and T. Yue},
  title = {Aflatoxin M1 in Milk Products in China and Dietary Risk Assessment},
  journal = {Journal of Food Protection}
}
@article{wu2016aflatoxin,
  doi = {10.1016/j.foodcont.2015.06.029},
  year = {2016},
  month = feb,
  publisher = {Elsevier {BV}},
  volume = {60},
  pages = {117--123},
  author = {L.X. Wu and X.X. Ding and P.W. Li and X.H. Du and H.Y. Zhou and Y.Zh. Bai and L.X. Zhang},
  title = {Aflatoxin contamination of peanuts at harvest in China from 2010 to 2013 and its relationship with climatic conditions},
  journal = {Food Control}
}
@article{li2018occurrence,
  doi = {10.3390/ijerph15050879},
  year = {2018},
  month = apr,
  publisher = {{MDPI} {AG}},
  volume = {15},
  number = {5},
  pages = {879},
  author = {Li, S. and Min, L. and Wang, G. and Li, D. and Zheng, N. and Wang, J.},
  title = {Occurrence of Aflatoxin M1 in Raw Milk from Manufacturers of Infant Milk Powder in China},
  journal = {International Journal of Environmental Research and Public Health}
}
@article{lai2015occurrence,
  doi = {10.1016/j.foodcont.2014.09.029},
  year = {2015},
  month = apr,
  publisher = {Elsevier {BV}},
  volume = {50},
  pages = {401--404},
  author = {Lai, X. and Liu, R. and Ruan, C. and Zhang, H. and Liu, C.},
  title = {Occurrence of aflatoxins and ochratoxin A in rice samples from six provinces in China},
  journal = {Food Control}
}
@article{zhao2018aflatoxin,
  doi = {10.1080/19393210.2017.1388295},
  year = {2017},
  month = nov,
  publisher = {Informa {UK} Limited},
  volume = {11},
  number = {1},
  pages = {9--14},
  author = {Zhao, Y. and Wang, Q. and Huang, J. and Ma, L. and Chen, Z. and Wang, F.},
  title = {Aflatoxin B1 and sterigmatocystin in wheat and wheat products from supermarkets in China},
  journal = {Food Additives \% Contaminants: Part B}
}
@article{lee2015analysis,
  doi = {10.1016/j.foodcont.2014.02.007},
  year = {2015},
  month = feb,
  publisher = {Elsevier {BV}},
  volume = {48},
  pages = {33--36},
  author = {Lee, D. and Lyu, J. and Lee, K.-G.},
  title = {Analysis of aflatoxins in herbal medicine and health functional foods},
  journal = {Food Control}
}
@article{kim2017simultaneous,
  doi = {10.3390/toxins9030106},
  year = {2017},
  month = mar,
  publisher = {{MDPI} {AG}},
  volume = {9},
  number = {3},
  pages = {106},
  author = {Kim, D.-H. and Hong, S.-Y. and Kang, J. and Cho, S. and Lee, K. and An, T. and Lee, C. and Chung, S.},
  title = {Simultaneous Determination of Multi-Mycotoxins in Cereal Grains Collected from South Korea by {LC}/{MS}/{MS}},
  journal = {Toxins}
}
@article{jeong2019natural,
  doi = {10.1186/s13765-019-0472-y},
  year = {2019},
  month = nov,
  publisher = {Springer Science and Business Media {LLC}},
  volume = {62},
  number = {1},
  author = {Jeong, S. E. and Chung, S. H. and Hong, S.-Y.},
  title = {Natural occurrence of aflatoxins and ochratoxin A in meju and soybean paste produced in South Korea},
  journal = {Applied Biological Chemistry}
}
@article{chen2013survey,
  doi = {10.1016/j.jfda.2013.07.001},
  year = {2013},
  month = sep,
  publisher = {The Journal of Food and Drug Analysis ({JFDA}),  Food and Drug Administration,  Taiwan ({TFDA})},
  volume = {21},
  number = {3},
  pages = {247--252},
  author = {Chen, Y.-C. and Liao, C.-D. and Lin, H.-Y. and Chiueh, L.-C. and Shih, D. Y.-C.},
  title = {Survey of aflatoxin contamination in peanut products in Taiwan from 1997 to 2011},
  journal = {Journal of Food and Drug Analysis}
}
@article{lien2019assessing,
  doi = {10.3390/toxins11020080},
  year = {2019},
  month = feb,
  publisher = {{MDPI} {AG}},
  volume = {11},
  number = {2},
  pages = {80},
  author = {Lien, K.-W. and Wang, X. and Pan, M.-H. and Ling, M.-P.},
  title = {Assessing Aflatoxin Exposure Risk from Peanuts and Peanut Products Imported to Taiwan},
  journal = {Toxins}
}
@article{f2019mycotoxin,
  doi = {10.3390/vetsci6020057},
  year = {2019},
  month = jun,
  publisher = {{MDPI} {AG}},
  volume = {6},
  number = {2},
  pages = {57},
  author={ Abdallah, M. F. and Girgin, G{\"o}zde and Baydar, Terken},
  title = {Mycotoxin Detection in Maize,  Commercial Feed,  and Raw Dairy Milk Samples from Assiut City,  Egypt},
  journal = {Veterinary Sciences}
}
@article{abd2015rapid,
  doi = {10.1016/j.foodchem.2015.01.140},
  year = {2015},
  month = jul,
  publisher = {Elsevier {BV}},
  volume = {179},
  pages = {253--256},
  author = {Abd-Elghany, S. M. and Sallam, K. I.},
  title = {Rapid determination of total aflatoxins and ochratoxins A in meat products by immuno-affinity fluorimetry},
  journal = {Food Chemistry}
}
@article{hathout2020incidence,
  doi = {10.1016/j.toxrep.2020.07.003},
  year = {2020},
  publisher = {Elsevier {BV}},
  volume = {7},
  pages = {867--873},
  author = {Hathout, A. S. and Abel-Fattah, S. M. and Abou-Sree, Y. H. and Fouzy, A. S. M.},
  title = {Incidence and exposure assessment of aflatoxins and ochratoxin A in Egyptian wheat},
  journal = {Toxicology Reports}
}
@article{bahrami2016aflatoxin,
  doi = {10.1016/j.foodcont.2015.10.039},
  year = {2016},
  month = apr,
  publisher = {Elsevier {BV}},
  volume = {62},
  pages = {250--256},
  author = {Bahrami, R. and Shahbazi, Y. and Nikousefat, Z.},
  title = {Aflatoxin M1 in milk and traditional dairy products from west part of Iran: Occurrence and seasonal variation with an emphasis on risk assessment of human exposure},
  journal = {Food Control}
}
@article{eslami2015determination,
  doi = {10.3109/15569543.2015.1074925},
  year = {2015},
  month = jul,
  publisher = {Informa {UK} Limited},
  volume = {34},
  number = {3},
  pages = {125--128},
  author = {Eslami, M. and Mashak, Z. and Heshmati, A. and Shokrzadeh, M. and Mozaffari Nejad, A.S.},
  title={Determination of aflatoxin B1 levels in Iranian rice by ELISA method},
  journal = {Toxin Reviews}
}
@article{jahanbakhsh2021probabilistic,
  doi = {10.1080/03067319.2019.1676421},
  year = {2019},
  month = nov,
  publisher = {Informa {UK} Limited},
  volume = {101},
  number = {8},
  pages = {1074--1085},
  author = {Jahanbakhsh, M. and Afshar, A. and Momeni Feeli, S. and Pabast, M. and Ebrahimi, T. and Mirzaei, M. and Akbari-Adergani, B. and Farid, M. and Arabameri, M.},
  title = {Probabilistic health risk assessment (Monte Carlo simulation method) and prevalence of aflatoxin B1 in wheat flours of Iran},
  journal = {International Journal of Environmental Analytical Chemistry}
}
@article{elaridi2019aflatoxin,
  doi = {10.1016/j.foodcont.2019.06.006},
  year = {2019},
  month = dec,
  publisher = {Elsevier {BV}},
  volume = {106},
  pages = {106680},
  author = {Elaridi, J. and Dimassi, H. and Hassan, H.},
  title = {Aflatoxin M1 and ochratoxin A in baby formulae marketed in Lebanon: Occurrence and safety evaluation},
  journal = {Food Control}
}
@article{el2019multimycotoxins,
  doi = {10.1016/j.foodcont.2018.07.033},
  year = {2019},
  month = jan,
  publisher = {Elsevier {BV}},
  volume = {95},
  pages = {63--70},
  author = {{El Darra}, N. and Gambacorta, L. and Solfrizzo, M.},
  title = {Multimycotoxins occurrence in spices and herbs commercialized in Lebanon},
  journal = {Food Control}
}
@article{mannani2020assessment,
  doi = {10.1016/j.foodcont.2019.106882},
  year = {2020},
  month = feb,
  publisher = {Elsevier {BV}},
  volume = {108},
  pages = {106882},
  author = {Mannani, N. and Tabarani, A. and Abdennebi, E. H. and Zinedine, A.},
  title = {Assessment of aflatoxin levels in herbal green tea available on the Moroccan market},
  journal = {Food Control}
}
@article{neamatallah2013incidence,
  doi = {10.1016/j.foodcont.2012.06.004},
  year = {2013},
  month = jan,
  publisher = {Elsevier {BV}},
  volume = {29},
  number = {1},
  pages = {121--124},
  author = {{El Tawila}, M. M. and Neamatallah, A. and Serdar, S. A.},
  title = {Incidence of aflatoxins in commercial nuts in the holy city of Mekkah},
  journal = {Food Control}
}
@article{houissa2019multimycotoxin,
  doi = {10.1016/j.foodcont.2019.106738},
  year = {2019},
  month = dec,
  publisher = {Elsevier {BV}},
  volume = {106},
  pages = {106738},
  author = {Houissa, H. and Lasram, S. and Sulyok, M. and {\v{S}}arkanj, B. and Fontana, A. and Strub, C. and Krska, R. and Schorr-Galindo, S. and Ghorbel, A.},
  title = {Multimycotoxin {LC}-{MS}/{MS} analysis in pearl millet (\textit{Pennisetum glaucum}) from Tunisia},
  journal = {Food Control}
}
@article{humaid2019aflatoxins,
	title={Aflatoxins and ochratoxin a content of stored yemeni coffee beans and effect of roasting on mycotoxin contamination},
	author={Humaid, AbdelRahman AH and Alghalibi, Saeed MS and Al-Khalqi, Eshraq Ahmed Ali},
	journal={International Journal of Molecular Microbiology},
	volume={2},
	number={1},
	pages={11--21},
	year={2019}
}
@article{milhome2014occurrence,
  doi = {10.1016/j.foodcont.2014.01.033},
  year = {2014},
  month = aug,
  publisher = {Elsevier {BV}},
  volume = {42},
  pages = {34--37},
  author = {M.A.L. Milhome and C.G. Lima and L.K. {de Lima} and F.A.F. Lima and D.O.B. Sousa and R.F. Nascimento},
  title = {Occurrence of aflatoxins in cashew nuts produced in northeastern brazil},
  journal = {Food Control}
}
@article{pires2019aflatoxins,
  doi = {10.1080/19440049.2019.1600749},
  year = {2019},
  month = apr,
  publisher = {Informa {UK} Limited},
  volume = {36},
  number = {5},
  pages = {815--824},
  author = {Pires, P.N. and Vargas, E.A. and Gomes, M.B. and Vieira, C.B.M. and Santos, E.A. and Bicalho, A.A.C. and Silva, S.C. and Rezende, R.P. and Oliveira, I.S.D. and Luz, E.A.M.N. and Uetanabaro, A.P.T.},
  title = {Aflatoxins and ochratoxin A: occurrence and contamination levels in cocoa beans from Brazil},
  journal = {Food Additives \& Contaminants: Part A}
}
@article{picinin2013influence,
  doi = {10.1016/j.foodcont.2012.10.024},
  year = {2013},
  month = jun,
  publisher = {Elsevier {BV}},
  volume = {31},
  number = {2},
  pages = {419--424},
  author = {Picinin, L.C.A. and Cerqueira, M.M.O.P. and Vargas, E.A. and Lana, A.M.Q. and Toaldo, I.M. and Bordignon-Luiz, M.T.},
  title = {Influence of climate conditions on aflatoxin M1 contamination in raw milk from Minas Gerais State,  Brazil},
  journal = {Food Control}
}
@article{oliveira2017natural,
  doi = {10.1016/j.foodcont.2016.07.033},
  year = {2017},
  month = mar,
  publisher = {Elsevier {BV}},
  volume = {73},
  pages = {127--132},
  author = {Oliveira, M.S. and Rocha, A. and Sulyok, M. and Krska, R. and Mallmann, C.A.},
  title = {Natural mycotoxin contamination of maize (Zea mays L.) in the South region of Brazil},
  journal = {Food Control}
}
@article{martins2017biodiversity,
  doi = {10.1016/j.foodres.2017.02.006},
  year = {2017},
  month = apr,
  publisher = {Elsevier {BV}},
  volume = {94},
  pages = {101--107},
  author = {Martins, L.M. and Sant'Ana, A.S. and Fungaro, M.H.P. and Silva, J.J. and Nascimento, M.S. and Frisvad, J.C. and Taniwaki, M.H.},
  title = {The biodiversity of \textit{Aspergillus} section \textit{Flavi} and aflatoxins in the Brazilian peanut production chain},
  journal = {Food Research International}
}
@article{diaz2015mycotoxins,
  doi = {10.1080/19393210.2015.1089948},
  year = {2015},
  month = sep,
  publisher = {Informa {UK} Limited},
  pages = {150922031753004},
  author = {Diaz, G.J. and Krska, R. and Sulyok, M.},
  title = {Mycotoxins and cyanogenic glycosides in staple foods of three indigenous people of the Colombian Amazon},
  journal = {Food Additives \& Contaminants: Part B}
}
@article{coloma2019mycotoxin,
  doi = {10.3920/wmj2019.2436},
  year = {2019},
  month = jul,
  publisher = {Brill},
  volume = {12},
  number = {3},
  pages = {307--315},
  author = {Z.N. Coloma and M.S. Oliveira and P. Dilkin and A.O. Mallmann and C.A.A. Almeida and C.A. Mallmann},
  title = {Mycotoxin occurrence in Peruvian purple maize},
  journal = {World Mycotoxin Journal}
}
@article{del2016evolution,
  doi = {10.1080/19440049.2016.1244732},
  year = {2016},
  month = oct,
  publisher = {Informa {UK} Limited},
  volume = {33},
  number = {12},
  pages = {1864--1872},
  author = {{Del Palacio}, A. and Mionetto, A. and Bettucci, L. and Pan, D.},
  title = {Evolution of fungal population and mycotoxins in sorghum silage},
  journal = {Food Additives \& Contaminants: Part A}
}
@article{mudili2014mould,
  doi = {10.1002/jsfa.6608},
  year = {2014},
  month = mar,
  publisher = {Wiley},
  volume = {94},
  number = {13},
  pages = {2674--2683},
  author = {Mudili, V. and Siddaih, C. N. and Nagesh, M. and Garapati, P. and Naveen Kumar, K. and Murali, H. S. and {Yli Mattila}, T. and Batra, H. V.},
  title = {Mould incidence and mycotoxin contamination in freshly harvested maize kernels originated from India},
  journal = {Journal of the Science of Food and Agriculture}
}
@article{mukherjee2019study,
	title={A study on Aflatoxin content in black scented rice in India},
	author={Mukherjee, A. and Sharma, M. and Latkar, S.S},
	journal={International Journal of Pharmacy and Analytical Research},
	volume={8},
	number={1},
	pages={125--130},
	year={2019}
}
@article{jayashree2019effect,
	title={Effect of moisture content on aflatoxin production in field infected and farmer saved sorghum (FSS) grains},
	author={Jayashree, M and Wesely, E},
	journal={The International Journal of Analytical and Experimental Modal Analysis},
	volume={11},
	number={11},
	pages={2506},
	year={2019}
}
@article{jeswal2015mycobiota,
  doi = {10.1155/2015/242486},
  year = {2015},
  publisher = {Hindawi Limited},
  volume = {2015},
  pages = {1--8},
  author = {P. Jeswal and D. Kumar},
  title = {Mycobiota and Natural Incidence of Aflatoxins,  Ochratoxin A,  and Citrinin in Indian Spices Confirmed by {LC}-{MS}/{MS}},
  journal = {International Journal of Microbiology}
}
@article{iqbal2014aflatoxins,
  doi = {10.1016/j.foodcont.2014.03.010},
  year = {2014},
  month = sep,
  publisher = {Elsevier {BV}},
  volume = {43},
  pages = {163--166},
  author = {Iqbal, S. Z. and Asi, M. R. and Jinap, S.},
  title = {Aflatoxins in dates and dates products},
  journal = {Food Control}
}
@article{ismail2016seasonal,
  doi = {10.1016/j.foodcont.2015.08.025},
  year = {2016},
  month = feb,
  publisher = {Elsevier {BV}},
  volume = {60},
  pages = {461--465},
  author = {Ismail, A. and Riaz, M. and Levin, R. E. and Akhtar, S. and Gong, Y. Y. and Hameed, A.},
  title = {Seasonal prevalence level of aflatoxin M 1 and its estimated daily intake in Pakistan},
  journal = {Food Control}
}
@article{akbar2019occurrence,
  doi = {10.3390/toxins11100574},
  year = {2019},
  month = oct,
  publisher = {{MDPI} {AG}},
  volume = {11},
  number = {10},
  pages = {574},
  author = {Akbar, N. and Nasir, M. and Naeem, N. and Ahmad, M. and Iqbal, S. and Rashid, A. and Imran, M. and Gondal, T. A. and Atif, M. and Salehi, B. and Sharifi-Rad, J. and Martorell, M. and Cho, W.},
  title = {Occurrence and Seasonal Variations of Aflatoxin M1 in Milk from Punjab,  Pakistan},
  journal = {Toxins}
}
@article{asghar2016incidence,
	title={Incidence of aflatoxins in export quality basmati rice collected from different areas of Pakistan},
	author = {Asghar, M. A. and Iqbal, J. and Ahmed, A. and Shamsuddin, Z. A. and Khan, M. A.},
	journal={Science Technology and Development (Pakistan)},
	year={2016}
}
@article{iqbal2016presence,
  doi = {10.1016/j.foodchem.2016.04.104},
  year = {2016},
  month = nov,
  publisher = {Elsevier {BV}},
  volume = {210},
  pages = {135--140},
  author = {Iqbal, S. Z. and Asi, M. R. and Hanif, U. and Zuber, M. and Jinap, S.},
  title = {The presence of aflatoxins and ochratoxin A in rice and rice products; and evaluation of dietary intake},
  journal = {Food Chemistry}
}
@article{ismail2020prevalence,
  doi = {10.3389/fmicb.2020.00446},
  year = {2020},
  month = mar,
  publisher = {Frontiers Media {SA}},
  volume = {11},
  author = {Ismail, A. and Akhtar, S. and Riaz, M. and Gong, Y. Y. and Routledge, M. N. and Naeem, I.},
  title = {Prevalence and Exposure Assessment of Aflatoxins Through Black Tea Consumption in the Multan City of Pakistan and the Impact of Tea Making Process on Aflatoxins},
  journal = {Frontiers in Microbiology}
}
@article{shuib2017natural,
  doi = {10.1016/j.foodcont.2016.10.013},
  year = {2017},
  month = mar,
  publisher = {Elsevier {BV}},
  volume = {73},
  pages = {966--970},
  author = {Shuib, N. S. and Makahleh, A. and Salhimi, S. M. and Saad, B.},
  title = {Natural occurrence of aflatoxin M 1  in fresh cow milk and human milk in Penang,  Malaysia},
  journal = {Food Control}
}
@article{nadira2017screening,
  doi = {10.1016/j.foodcont.2016.08.004},
  year = {2017},
  month = mar,
  publisher = {Elsevier {BV}},
  volume = {73},
  pages = {209--214},
  author = {Nadira, A. F. and Rosita, J. and Norhaizan, M. E. and Redzwan, S. M.},
  title = {Screening of aflatoxin M 1 occurrence in selected milk and dairy products in Terengganu,  Malaysia},
  journal = {Food Control}
}
@article{ali2015natural,
  doi = {10.1080/19440049.2015.1011712},
  year = {2015},
  month = mar,
  publisher = {Informa {UK} Limited},
  volume = {32},
  number = {4},
  pages = {518--532},
  author = {Ali, N. and Hashim, N. H. and Shuib, N. S.},
  title = {Natural occurrence of aflatoxins and ochratoxin A in processed spices marketed in Malaysia},
  journal = {Food Additives \& Contaminants: Part A}
}
@article{lee2017survey,
  doi = {10.3920/wmj2016.2144},
  year = {2017},
  month = may,
  publisher = {Brill},
  volume = {10},
  number = {2},
  pages = {195--202},
  author = {H.S. Lee and H. Nguyen-Viet and J. Lindahl and H.M. Thanh and T.N. Khanh and L.T.T. Hien and D. Grace},
  title = {A survey of aflatoxin B1 in maize and awareness of aflatoxins in Vietnam},
  journal = {World Mycotoxin Journal}
}
@article{tsakiris2013risk,
  doi = {10.1016/j.fct.2013.02.024},
  year = {2013},
  month = jun,
  publisher = {Elsevier {BV}},
  volume = {56},
  pages = {261--265},
  author = {Tsakiris, I. N. and Tzatzarakis, M. N. and Alegakis, A. K. and Vlachou, M. I. and Renieri, E. A. and Tsatsakis, A. M.},
  title = {Risk assessment scenarios of children's exposure to aflatoxin M1 residues in different milk types from the Greek market},
  journal = {Food and Chemical Toxicology}
}
@article{kollia2016aflatoxin,
  doi = {10.1080/19393210.2016.1179349},
  year = {2016},
  month = may,
  publisher = {Informa {UK} Limited},
  volume = {9},
  number = {3},
  pages = {217--222},
  author = {Kollia, E. and Tsourouflis, K. and Markaki, P.},
  title = {Aflatoxin B1 in sesame seeds and sesame products from the Greek market},
  journal = {Food Additives \& Contaminants: Part B}
}
@article{de2017survey,
  doi = {10.1016/j.foodcont.2017.05.034},
  year = {2017},
  month = nov,
  publisher = {Elsevier {BV}},
  volume = {81},
  pages = {30--33},
  author = {{De Roma}, A. and Rossini, C. and Ritieni, A. and Gallo, P. and Esposito, M.},
  title = {A survey on the Aflatoxin M1 occurrence and seasonal variation in buffalo and cow milk from Southern Italy},
  journal = {Food Control}
}
@article{prelle2014co,
  doi = {10.1016/j.foodcont.2013.11.013},
  year = {2014},
  month = may,
  publisher = {Elsevier {BV}},
  volume = {39},
  pages = {192--197},
  author = {Prelle, A. and Spadaro, D. and Garibaldi, A. and Gullino, M. L.},
  title = {Co-occurrence of aflatoxins and ochratoxin A in spices commercialized in Italy},
  journal = {Food Control}
}
@article{rama2016study,
  doi = {10.1016/j.foodcont.2015.10.019},
  year = {2016},
  month = apr,
  publisher = {Elsevier {BV}},
  volume = {62},
  pages = {52--55},
  author = {A. Rama and C. Montesissa and L. Lucatello and G. Galina and C. Benetti and D. Bajraktari},
  title = {A study on the occurrence of aflatoxin M1 in milk consumed in Kosovo during 2009--2010},
  journal = {Food Control}
}
@article{dimitrieska2016assessment,
  doi = {10.1016/j.foodcont.2015.05.019},
  year = {2016},
  month = jan,
  publisher = {Elsevier {BV}},
  volume = {59},
  pages = {201--206},
  author = {Dimitrieska-Stojkovi{\'{c}}, E. and Stojanovska-Dimzoska, B. and Ilievska, G. and Uzunov, R. and Stojkovi{\'{c}}, G. and Hajrulai-Musliu, Z. and Jankuloski, D.},
  title = {Assessment of aflatoxin contamination in raw milk and feed in Macedonia during 2013},
  journal = {Food Control}
}
@article{duarte2013aflatoxin,
  doi = {10.1016/j.foodcont.2012.08.002},
  year = {2013},
  month = apr,
  publisher = {Elsevier {BV}},
  volume = {30},
  number = {2},
  pages = {411--417},
  author = {S.C. Duarte and A.M. Almeida and A.S. Teixeira and A.L. Pereira and A.C. Falc{\~{a}}o and A. Pena and C.M. Lino},
  title = {Aflatoxin M1 in marketed milk in Portugal: Assessment of human and animal exposure},
  journal = {Food Control}
}
@article{kos2013natural,
  doi = {10.1016/j.foodcont.2013.04.004},
  year = {2013},
  month = nov,
  publisher = {Elsevier {BV}},
  volume = {34},
  number = {1},
  pages = {31--34},
  author = {Kos, J. and Mastilovi{\'{c}}, J. and Jani{\'{c}} Hajnal, E. and {\v{S}}ari{\'{c}}, B.},
  title = {Natural occurrence of aflatoxins in maize harvested in Serbia during 2009--2012},
  journal = {Food Control}
}
@article{kos2014occurrence,
  doi = {10.1016/j.foodcont.2013.09.060},
  year = {2014},
  month = apr,
  publisher = {Elsevier {BV}},
  volume = {38},
  pages = {41--46},
  author = {Jovana Kos and Jovanka Levi{\'{c}} and Olivera {\DJ}uragi{\'{c}} and Bojana Koki{\'{c}} and Ivana Miladinovi{\'{c}}},
  title = {Occurrence and estimation of aflatoxin M1 exposure in milk in Serbia},
  journal = {Food Control}
}
@article{torovic2018aflatoxins,
  doi = {10.1080/19393210.2017.1391335},
  year = {2017},
  month = nov,
  publisher = {Informa {UK} Limited},
  volume = {11},
  number = {1},
  pages = {26--32},
  author = {Ljilja Torovi{\'{c}}},
  title = {Aflatoxins and ochratoxin A in flour: a survey of the Serbian retail market},
  journal = {Food Additives \& Contaminants: Part B}
}
@article{torovic2015aflatoxin,
  doi = {10.1080/19393210.2015.1063094},
  year = {2015},
  month = aug,
  publisher = {Informa {UK} Limited},
  pages = {1--10},
  author = {Ljilja Torovi{\'{c}}},
  title = {Aflatoxin M1 in processed milk and infant formulae and corresponding exposure of adult population in Serbia in 2013--2014},
  journal = {Food Additives \& Contaminants: Part B}
}
@article{tomavsevic2015two,
  doi = {10.1016/j.foodcont.2015.03.017},
  year = {2015},
  month = oct,
  publisher = {Elsevier {BV}},
  volume = {56},
  pages = {64--70},
  author = {Igor Toma{\v{s}}evi{\'{c}} and Jelena Petrovi{\'{c}} and Milica Joveti{\'{c}} and Smiljana Rai{\v{c}}evi{\'{c}} and Milica Milojevi{\'{c}} and Jelena Mio{\v{c}}inovi{\'{c}}},
  title = {Two year survey on the occurrence and seasonal variation of aflatoxin M1 in milk and milk products in Serbia},
  journal = {Food Control}
}
@article{vidal2013determination,
  doi = {10.1016/j.fct.2012.11.020},
  year = {2013},
  month = mar,
  publisher = {Elsevier {BV}},
  volume = {53},
  pages = {133--138},
  author = {Arnau Vidal and Sonia Mar{\'{\i}}n and Antonio J. Ramos and German Cano-Sancho and Vicente Sanchis},
  title = {Determination of aflatoxins,  deoxynivalenol,  ochratoxin A and zearalenone in wheat and oat based bran supplements sold in the Spanish market},
  journal = {Food and Chemical Toxicology}
}
@article{luzardo2016estimated,
  doi = {10.1016/j.fct.2016.04.022},
  year = {2016},
  month = jul,
  publisher = {Elsevier {BV}},
  volume = {93},
  pages = {73--81},
  author = {Octavio P. Luzardo and Mar{\'{\i}}a del Mar Bernal-Su{\'{a}}rez and Mar{\'{\i}}a Camacho and Luis Alberto Henr{\'{\i}}quez-Hern{\'{a}}ndez and Luis D. Boada and Cristian Rial-Berriel and Maira Almeida-Gonz{\'{a}}lez and Manuel Zumbado and Ricardo D{\'{\i}}az-D{\'{\i}}az},
  title={Estimated exposure to EU regulated mycotoxins and risk characterization of aflatoxin-induced hepatic toxicity through the consumption of the toasted cereal flour called ‚Äúgofio‚Äù, a traditional food of the Canary Islands (Spain)},
  journal = {Food and Chemical Toxicology}
}
@article{quiles2016occurrence,
  doi = {10.1016/j.fct.2016.05.011},
  year = {2016},
  month = aug,
  publisher = {Elsevier {BV}},
  volume = {94},
  pages = {19--24},
  author = {Juan Manuel Quiles and Federica Saladino and Jordi Ma{\~{n}}es and M{\'{o}}nica Fern{\'{a}}ndez-Franz{\'{o}}n and Giuseppe Meca},
  title = {Occurrence of mycotoxins in refrigerated pizza dough and risk assessment of exposure for the Spanish population},
  journal = {Food and Chemical Toxicology}
}
@article{golge2014survey,
  doi = {10.1016/j.foodcont.2014.04.039},
  year = {2014},
  month = nov,
  publisher = {Elsevier {BV}},
  volume = {45},
  pages = {150--155},
  author = {Ozgur Golge},
  title = {A survey on the occurrence of aflatoxin M1 in raw milk produced in Adana province of Turkey},
  journal = {Food Control}
}
@article{artik2016aflatoxin,
  doi = {10.4236/fns.2016.72015},
  year = {2016},
  publisher = {Scientific Research Publishing,  Inc.},
  volume = {07},
  number = {02},
  pages = {138--148},
  author = {Nevzat Artik and Nevzat Konar and Muhip \"{O}zkan and M. L\"{u}tf\"{u} {\c{C}}akmak{\c{c}}i},
  title = {Aflatoxin and Genetically Modified Organisms Analysis in Turkish Corn},
  journal = {Food and Nutrition Sciences}
}
@article{lavkor2019presence,
  doi = {10.18805/lr-446},
  year = {2019},
  month = may,
  publisher = {Agricultural Research Communication Center},
  author = {I. Lavkor Meena and I. Var and S. Saglam and O. Uckun and A.  and O. Tekin and O. Savas},
  title = {Presence of some mycotoxins in peanuts from harvest to storage},
  journal = {Legume Research - An International Journal}
}
@article{turksoy2020determination,
  doi = {10.1556/066.2020.49.1.15},
  year = {2020},
  month = mar,
  publisher = {Akademiai Kiado Zrt.},
  volume = {49},
  number = {1},
  pages = {118--124},
  author = {S. Turksoy and B. Kabak},
  title = {Determination of aflatoxins and ochratoxin A in wheat from different regions of Turkey by {HPLC} with fluorescence detection},
  journal = {Acta Alimentaria}
}
@article{kara2015co,
  doi = {10.1016/j.foodcont.2015.02.014},
  year = {2015},
  month = aug,
  publisher = {Elsevier {BV}},
  volume = {54},
  pages = {275--281},
  author = {Gamze Nur Kara and Fatih Ozbey and Bulent Kabak},
  title = {Co-occurrence of aflatoxins and ochratoxin A in cereal flours commercialised in Turkey},
  journal = {Food Control}
}
@article{bationo2015assessment,
  doi = {10.5897/ajfs2015.1306},
  year = {2015},
  month = jul,
  publisher = {Academic Journals},
  volume = {9},
  number = {7},
  pages = {417--420},
  author={Bationo, Jean Fid{\`e}le and Niki{\'e}ma, Philippe A and Koudougou, Karim and Ou{\'e}draogo, Mariam and Bazi{\'e}, Sylvain Raoul and Sanou, Eloi and Barro, Nicolas},
  title = {Assessment of aflatoxin B1 and ochratoxin A levels in sorghum malts and beer in Ouagadougou},
  journal = {African Journal of Food Science}
}
@article{kamika2016occurrence,
  doi = {10.1016/j.foodcont.2016.05.014},
  year = {2016},
  month = nov,
  publisher = {Elsevier {BV}},
  volume = {69},
  pages = {292--296},
  author = {I. Kamika and Koto-te-Nyiwa Ngbolua and M. Tekere},
  title = {Occurrence of aflatoxin contamination in maize throughout the supply chain in the Democratic Republic of Congo},
  journal = {Food Control}
}
@article{chala2013natural,
  doi = {10.1016/j.foodcont.2012.08.023},
  year = {2013},
  month = apr,
  publisher = {Elsevier {BV}},
  volume = {30},
  number = {2},
  pages = {602--605},
  author = {Alemayehu Chala and Abdi Mohammed and Amare Ayalew and Helge Skinnes},
  title = {Natural occurrence of aflatoxins in groundnut (\textit{Arachis hypogaea} L.) from eastern Ethiopia},
  journal = {Food Control}
}
@article{chauhan2016fungal,
  doi = {10.1186/s40064-016-2485-x},
  year = {2016},
  month = jun,
  publisher = {Springer Science and Business Media {LLC}},
  volume = {5},
  number = {1},
  author = {Nitin M. Chauhan and Alemayehu P. Washe and Tesfaye Minota},
  title = {Fungal infection and aflatoxin contamination in maize collected from Gedeo zone,  Ethiopia},
  journal = {{SpringerPlus}}
}
@article{mohammed2016aspergillus,
  doi = {10.1080/19393210.2016.1216468},
  year = {2016},
  month = sep,
  publisher = {Informa {UK} Limited},
  volume = {9},
  number = {4},
  pages = {290--298},
  author = {Abdi Mohammed and Alemayehu Chala and Mashilla Dejene and Chemeda Fininsa and David A. Hoisington and Victor S. Sobolev and Renee S. Arias},
  title={\textit{Aspergillus} and aflatoxin in groundnut (\textit{Arachis hypogaea} L.) and groundnut cake in Eastern Ethiopia},
  journal = {Food Additives \& Contaminants: Part B}
}
@article{taye2016aflatoxin,
  doi = {10.1080/19393210.2016.1184190},
  year = {2016},
  month = jun,
  publisher = {Informa {UK} Limited},
  volume = {9},
  number = {4},
  pages = {237--245},
  author = {Wondimeneh Taye and Amare Ayalew and Alemayehu Chala and Mashilla Dejene},
  title = {Aflatoxin B1 and total fumonisin contamination and their producing fungi in fresh and stored sorghum grain in East Hararghe,  Ethiopia},
  journal = {Food Additives \& Contaminants: Part B}
}
@article{agbetiameh2018prevalence,
  doi = {10.1094/pdis-05-17-0749-re},
  year = {2018},
  month = apr,
  publisher = {Scientific Societies},
  volume = {102},
  number = {4},
  pages = {764--772},
  author = {D. Agbetiameh and A. Ortega-Beltran and R. T. Awuah and J. Atehnkeng and P. J. Cotty and R. Bandyopadhyay},
  title = {Prevalence of Aflatoxin Contamination in Maize and Groundnut in Ghana: Population Structure,  Distribution,  and Toxigenicity of the Causal Agents},
  journal = {Plant Disease}
}
@article{sirma2016aflatoxin,
  doi = {10.18697/ajfand.75.ilri03},
  year = {2016},
  month = aug,
  publisher = {African Journal of Food,  Agriculture,  Nutrition and Development},
  volume = {16},
  number = {03},
  pages = {10991--11003},
  author={Sirma, AJ and Senerwa, DM and Grace, Delia and Makita, K and Mtimet, Nadhem and Kang‚Äôethe, Erastus K and Lindahl, Johanna F},
  title = {Aflatoxin B1 occurrence in millet,  sorghum and maize from four agro-ecological zones in Kenya},
  journal = {African Journal of Food,  Agriculture,  Nutrition and Development}
}
@article{kuboka2019occurrence,
  doi = {10.1080/20008686.2019.1625703},
  year = {2019},
  month = jan,
  publisher = {Informa {UK} Limited},
  volume = {9},
  number = {1},
  pages = {1625703},
  author = {Maureen M. Kuboka and Jasper K. Imungi and Lucy Njue and Florence Mutua and Delia Grace and Johanna F. Lindahl},
  title = {Occurrence of aflatoxin M1 in raw milk traded in peri-urban Nairobi,  and the effect of boiling and fermentation},
  journal = {Infection Ecology \& Epidemiology}
}
@article{matumba2014survey,
  doi = {10.1016/j.foodcont.2013.09.068},
  year = {2014},
  month = may,
  publisher = {Elsevier {BV}},
  volume = {39},
  pages = {87--91},
  author = {Limbikani Matumba and Maurice Monjerezi and Timothy Biswick and Jonas Mwatseteza and Wilkson Makumba and David Kamangira and Alfred Mtukuso},
  title = {A survey of the incidence and level of aflatoxin contamination in a range of locally and imported processed foods on Malawian retail market},
  journal = {Food Control}
}
@article{nafuka2019variation,
  doi = {10.3390/toxins11030165},
  year = {2019},
  month = mar,
  publisher = {{MDPI} {AG}},
  volume = {11},
  number = {3},
  pages = {165},
  author = {Sylvia Nafuka and Jane Misihairabgwi and Ronnie Bock and Anthony Ishola and Michael Sulyok and Rudolf Krska},
  title = {Variation of Fungal Metabolites in Sorghum Malts Used to Prepare Namibian Traditional Fermented Beverages Omalodu and Otombo},
  journal = {Toxins}
}
@article{singh2017aflatoxin,
  doi = {10.1016/j.foodcont.2017.05.014},
  year = {2017},
  month = oct,
  publisher = {Elsevier {BV}},
  volume = {80},
  pages = {374--379},
  author = {Pummi Singh and Peter J. Cotty},
  title = {Aflatoxin contamination of dried red chilies: Contrasts between the United States and Nigeria,  two markets differing in regulation enforcement},
  journal = {Food Control}
}
@article{lippolis2017natural,
  doi = {10.1016/j.foodcont.2016.10.026},
  year = {2017},
  month = mar,
  publisher = {Elsevier {BV}},
  volume = {73},
  pages = {1061--1067},
  author = {Vincenzo Lippolis and Olubukola Irurhe and Anna Chiara R. Porricelli and Marina Cortese and Roberto Schena and Tayo Imafidon and Afolabi Oluwadun and Michelangelo Pascale},
  title = {Natural co-occurrence of aflatoxins and ochratoxin A in ginger (Zingiber officinale) from Nigeria},
  journal = {Food Control}
}
@article{oyedele2017mycotoxin,
  doi = {10.1016/j.ijfoodmicro.2017.03.020},
  year = {2017},
  month = jun,
  publisher = {Elsevier {BV}},
  volume = {251},
  pages = {24--32},
  author = {Oluwawapelumi A. Oyedele and Chibundu N. Ezekiel and Michael Sulyok and Modupeade C. Adetunji and Benedikt Warth and Olusegun O. Atanda and Rudolf Krska},
  title = {Mycotoxin risk assessment for consumers of groundnut in domestic markets in Nigeria},
  journal = {International Journal of Food Microbiology}
}
@article{rofiat2015fungal,
  doi = {10.1080/19440049.2015.1027880},
  year = {2015},
  month = apr,
  publisher = {Informa {UK} Limited},
  volume = {32},
  number = {6},
  pages = {950--959},
  author = {Abdus-Salaam Rofiat and Francesca Fanelli and Olusegun Atanda and Michael Sulyok and Giuseppe Cozzi and Simona Bavaro and Rudolf Krska and Antonio F. Logrieco and Chibundu N. Ezekiel},
  title = {Fungal and bacterial metabolites associated with natural contamination of locally processed rice (\textit{Oryza sativa} L.) in Nigeria},
  journal = {Food Additives \& Contaminants: Part A}
}
@article{adetunji2018microbiological,
  doi = {10.1155/2018/1308748},
  year = {2018},
  month = jun,
  publisher = {Hindawi Limited},
  volume = {2018},
  pages = {1--11},
  author = {Modupeade Christianah Adetunji and Ogechi Precious Alika and Ngozi Precious Awa and Olusegun Oladimeji Atanda and Mulunda Mwanza},
  title = {Microbiological Quality and Risk Assessment for Aflatoxins in Groundnuts and Roasted Cashew Nuts Meant for Human Consumption},
  journal = {Journal of Toxicology}
}
@article{daniel2016mycotoxicological,
  doi = {10.4172/2155-9872.1000336},
  year = {2016},
  publisher = {{OMICS} Publishing Group},
  volume = {7},
  number = {5},
  author = {Ojochenemi Apen Daneil and Ochai Daneil Ochi and Aderemi Adejumo and Lami Muhammed Hadiza and Ndaman Saidu Abubakar and Joseph Atehnkeng and Henry Adeyemi Rinde and Simeon Mailafiya C and Anthony Makun Hussaini},
  title = {Mycotoxicological Concerns with Sorghum,  Millet and Sesame in Northern Nigeria},
  journal = {Journal of Analytical \& Bioanalytical Techniques}
}
@article{hanvi2021aflatoxins,
  doi = {10.1016/j.foodcont.2020.107673},
  year = {2021},
  month = mar,
  publisher = {Elsevier {BV}},
  volume = {121},
  pages = {107673},
  author = {M.D. Hanvi and P. Lawson-Evi and E.C. Bouka and K. Eklu-Gadegbeku},
  title = {Aflatoxins in maize dough and dietary exposure in rural populations of Togo},
  journal = {Food Control}
}
@article{sserumaga2020aflatoxin,
  doi = {10.1016/j.ijfoodmicro.2019.108376},
  year = {2020},
  month = jan,
  publisher = {Elsevier {BV}},
  volume = {313},
  pages = {108376},
  author = {Julius P. Sserumaga and Alejandro Ortega-Beltran and John M. Wagacha and Charity K. Mutegi and Ranajit Bandyopadhyay},
  title = {Aflatoxin-producing fungi associated with pre-harvest maize contamination in Uganda},
  journal = {International Journal of Food Microbiology}
}
@article{bumbangi2016occurrence,
  doi = {10.1016/j.foodcont.2016.04.004},
  year = {2016},
  month = oct,
  publisher = {Elsevier {BV}},
  volume = {68},
  pages = {291--296},
  author = {N.F. Bumbangi and J.B. Muma and K. Choongo and M. Mukanga and M.R. Velu and F. Veldman and A. Hatloy and M.A. Mapatano},
  title = {Occurrence and factors associated with aflatoxin contamination of raw peanuts from Lusaka district{\textquotesingle}s markets,  Zambia},
  journal = {Food Control}
}
@article{murashiki2017levels,
  doi = {10.1016/j.foodcont.2016.07.040},
  year = {2017},
  month = feb,
  publisher = {Elsevier {BV}},
  volume = {72},
  pages = {105--109},
  author = {Tatenda Clive Murashiki and Cathrine Chidewe and Mudadi Albert Benhura and David Tinayeshe Maringe and Mavis Precious Dembedza and Lucia Raviro Manema and Brighton Marimanzi Mvumi and Loveness Kuziwa Nyanga},
  title = {Levels and daily intake estimates of aflatoxin B 1 and fumonisin B 1 in maize consumed by rural households in Shamva and Makoni districts of Zimbabwe},
  journal = {Food Control}
}
@article{kaplan2003clinical,
  doi = {10.1097/00000441-200305000-00003},
  year = {2003},
  month = may,
  publisher = {Elsevier {BV}},
  volume = {325},
  number = {5},
  pages = {262--274},
  author = {Norman M. Kaplan and Biff F. Palmer and Sanjay G. Revankar},
  title = {Clinical Implications of Mycotoxins and \textit{Stachybotrys}},
  journal = {The American Journal of the Medical Sciences}
}
@article{gong2016aflatoxin,
  doi = {10.14252/foodsafetyfscj.2015026},
  year = {2016},
  publisher = {Food Safety Commission,  Cabinet Office},
  volume = {4},
  number = {1},
  pages = {14--27},
  author = {Yun Yun Gong and Sinead Watson and Michael N Routledge},
  title = {Aflatoxin Exposure and Associated Human Health Effects,  a Review of Epidemiological Studies},
  journal = {Food Safety}
}
@article{jecfa2008sixty,
	title={Sixty-eighth Report of the Joint FAO/WHO Expert Committee on Food Additives; Evaluation of Certain Food Additives and Contaminants},
	author={{Joint FAO/WHO Expert Committee on Food Additives}},
	shortauthor={JECFA},
	journal={WHO Technical Report Series},
	volume={947},
	pages={32--7},
	year={2008}
}
@misc{CAC2003,
	author={{Codex Alimentarius Commission}},
	shortauthor = {CAC},
	title={{Code of practice for the prevention and reduction of mycotoxin contamination in cereals, CXS 51-2003}},
	journal={International Food Standards},
	year={2003}
}
@misc{CAC2008,
	author={{Codex Alimentarius Commission}},
	shortauthor = {CAC},
	title={{Code of practice for the prevention and reduction of aflatoxin contamination in dried figs, CXC 65-2008}},
	journal={International Food Standards},
	year={2008}
}
@misc{CAC2004,
	author={{Codex Alimentarius Commission}},
	shortauthor = {CAC},
	title={{Code of practice for the prevention and reduction of aflatoxin contamination in peanuts, CXC 55-2004}},
	journal={International Food Standards},
	year={2004}
}
@misc{CAC2010,
	author={{Codex Alimentarius Commission}},
	shortauthor = {CAC},
	title={{Code of practice for the prevention and reduction of aflatoxin contamination in tree nuts, CXC 59-2005}},
	journal={International Food Standards},
	year={2010}
}
@misc{CAC2017,
	author={{Codex Alimentarius Commission}},
	shortauthor = {CAC},
	title={{Code of practice for the prevention and reduction of mycotoxins contamination in spices, CXC 78-2017}},
	journal={International Food Standards},
	year={2017}
}
@misc{fao2003development,
	title={Development of a Framework for Good Agricultural Practices},
    author={{Food and Agriculture Organization of the United Nations}},
	shortauthor={FAO},
	year={2003},
	publisher={Committee on Agriculture, Seventeenth Session Food and Agriculture~‚Ä¶}
}
@article{marchese2018aflatoxin,
  doi = {10.3390/toxins10060214},
  year = {2018},
  month = may,
  publisher = {{MDPI} {AG}},
  volume = {10},
  number = {6},
  pages = {214},
  author = {Silvia Marchese and Andrea Polo and Andrea Ariano and Salvatore Velotto and Susan Costantini and Lorella Severino},
  title = {Aflatoxin B1 and M1: Biological Properties and Their Involvement in Cancer Development},
  journal = {Toxins}
}
@article{abrehame2023aflatoxins,
  doi = {10.3390/pr11010204},
  year = {2023},
  month = jan,
  publisher = {{MDPI} {AG}},
  volume = {11},
  number = {1},
  pages = {204},
  author = {Solomon Abrehame and Valsa Remony Manoj and Merry Hailu and Yu-Yi Chen and Yu-Chun Lin and Yen-Po Chen},
  title = {Aflatoxins: Source,  Detection,  Clinical Features and Prevention},
  journal = {Processes}
}
@article{nazhand2020characteristics,
  doi = {10.3390/foods9050644},
  year = {2020},
  month = may,
  publisher = {{MDPI} {AG}},
  volume = {9},
  number = {5},
  pages = {644},
  author = {Amirhossein Nazhand and Alessandra Durazzo and Massimo Lucarini and Eliana B. Souto and Antonello Santini},
  title = {Characteristics,  Occurrence,  Detection and Detoxification of Aflatoxins in Foods and Feeds},
  journal = {Foods}
}
@article{european2006commission,
	title={Commission Regulation (EC) No 401/2006 of 23 February 2006 laying down the methods of sampling and analysis for the official control of the levels of mycotoxins in foodstuffs},
	author={{European Commission}},
	shortauthor = {EC},
	journal={Off J Eur Union L},
	volume={70},
	pages={12--34},
	year={2006}
}
@article{shephard2016current,
  doi = {10.5740/jaoacint.16-0111},
  year = {2016},
  month = jul,
  publisher = {Oxford University Press ({OUP})},
  volume = {99},
  number = {4},
  pages = {842--848},
  author = {Gordon S Shephard},
  title = {Current Status of Mycotoxin Analysis: A Critical Review},
  journal = {Journal of {AOAC} {INTERNATIONAL}}
}
@article{stroka2016challenges,
  doi = {10.3920/wmj2016.2038},
  year = {2016},
  month = nov,
  publisher = {Brill},
  volume = {9},
  number = {5},
  pages = {847--861},
  author = {J. Stroka and C.M. Maragos},
  title = {Challenges in the analysis of multiple mycotoxins},
  journal = {World Mycotoxin Journal}
}
@article{yao2015developments,
  doi = {10.3920/wmj2014.1797},
  year = {2015},
  month = jan,
  publisher = {Brill},
  volume = {8},
  number = {2},
  pages = {181--191},
  author = {H. Yao and Z. Hruska and J. {Diana Di Mavungu}},
  title = {Developments in detection and determination of aflatoxins},
  journal = {World Mycotoxin Journal}
}
@article{shephard2009aflatoxin,
  doi = {10.1007/s00216-009-2857-y},
  year = {2009},
  month = may,
  publisher = {Springer Science and Business Media {LLC}},
  volume = {395},
  number = {5},
  pages = {1215--1224},
  author = {Gordon S. Shephard},
  title = {Aflatoxin analysis at the beginning of the twenty-first century},
  journal = {Analytical and Bioanalytical Chemistry}
}
@article{fliessbach2004short,
  doi = {10.1007/s00374-004-0776-9},
  year = {2004},
  month = aug,
  publisher = {Springer Science and Business Media {LLC}},
  volume = {40},
  number = {4},
  author = {Andreas Flie√übach and Paul M√§der},
  title = {Short- and long-term effects on soil microorganisms of two potato pesticide spraying sequences with either glufosinate or dinoseb as defoliants},
  journal = {Biology and Fertility of Soils}
}
@article{chapman2007assessing,
  doi = {10.1065/jss2007.10.259},
  year = {2007},
  month = oct,
  publisher = {Springer Science and Business Media {LLC}},
  volume = {7},
  number = {6},
  pages = {406--410},
  author = {Stephen J. Chapman and Colin D. Campbell and Rebekka R. E. Artz},
  title = {Assessing {CLPPs} using {MicroResp}{\texttrademark}},
  journal = {Journal of Soils and Sediments}
}
@article{campbell2003rapid,
  doi = {10.1128/aem.69.6.3593-3599.2003},
  year = {2003},
  month = jun,
  publisher = {American Society for Microbiology},
  volume = {69},
  number = {6},
  pages = {3593--3599},
  author = {Colin D. Campbell and Stephen J. Chapman and Clare M. Cameron and Mitchell S. Davidson and Jacqueline M. Potts},
  title = {A Rapid Microtiter Plate Method To Measure Carbon Dioxide Evolved from Carbon Substrate Amendments so as To Determine the Physiological Profiles of Soil Microbial Communities by Using Whole Soil},
  journal = {Applied and Environmental Microbiology}
}
@article{nji2022aflatoxins,
  doi = {10.3390/toxins14080574},
  year = {2022},
  month = aug,
  publisher = {{MDPI} {AG}},
  volume = {14},
  number = {8},
  pages = {574},
  author = {Queenta Ngum Nji and Olubukola Oluranti Babalola and Mulunda Mwanza},
  title = {Aflatoxins in Maize: Can Their Occurrence Be Effectively Managed in Africa in the Face of Climate Change and Food Insecurity?},
  journal = {Toxins}
}
@article{tilman2002agricultural,
  doi = {10.1038/nature01014},
  year = {2002},
  month = aug,
  publisher = {Springer Science and Business Media {LLC}},
  volume = {418},
  number = {6898},
  pages = {671--677},
  author = {David Tilman and Kenneth G. Cassman and Pamela A. Matson and Rosamond Naylor and Stephen Polasky},
  title = {Agricultural sustainability and intensive production practices},
  journal = {Nature}
}
@article{sanaullah2020terrestrial,
  doi = {10.1016/j.still.2019.104464},
  year = {2020},
  month = feb,
  publisher = {Elsevier {BV}},
  volume = {196},
  pages = {104464},
  author = {Muhammad Sanaullah and Muhammad Usman and Abdul Wakeel and Sardar Alam Cheema and Imran Ashraf and Muhammad Farooq},
  title = {Terrestrial ecosystem functioning affected by agricultural management systems: A review},
  journal = {Soil and Tillage Research}
}
@article{vissers1996optimised,
  doi = {10.1016/0021-9673(96)00322-6},
  year = {1996},
  month = oct,
  publisher = {Elsevier {BV}},
  volume = {746},
  number = {1},
  pages = {1--7},
  author = {Johannes P.C. Vissers and Arnoud H. de Ru and Mario Ursem and Jean-Pierre Chervet},
  title = {Optimised injection techniques for micro and capillary liquid chromatography},
  journal = {Journal of Chromatography A}
}
@article{mills1997assessment,
  doi = {10.1016/s0021-9673(96)00753-4},
  year = {1997},
  month = jan,
  publisher = {Elsevier {BV}},
  volume = {759},
  number = {1-2},
  pages = {1--11},
  author = {Malcolm J. Mills and John Maltas and W. John Lough},
  title = {Assessment of injection volume limits when using on-column focusing with microbore liquid chromatography},
  journal = {Journal of Chromatography A}
}
@article{groskreutz2015quantitative,
  doi = {10.1016/j.chroma.2015.07.038},
  year = {2015},
  month = aug,
  publisher = {Elsevier {BV}},
  volume = {1409},
  pages = {116--124},
  author = {Stephen R. Groskreutz and Stephen G. Weber},
  title = {Quantitative evaluation of models for solvent-based,  on-column focusing in liquid chromatography},
  journal = {Journal of Chromatography A}
}
@article{trellu2016removal,
  doi = {10.1016/j.jhazmat.2015.12.008},
  year = {2016},
  month = apr,
  publisher = {Elsevier {BV}},
  volume = {306},
  pages = {149--174},
  author = {Cl{\'{e}}ment Trellu and Emmanuel Mousset and Yoan Pechaud and David Huguenot and Eric D. van Hullebusch and Giovanni Esposito and Mehmet A. Oturan},
  title = {Removal of hydrophobic organic pollutants from soil washing/flushing solutions: A critical review},
  journal = {Journal of Hazardous Materials}
}
@article{miraglia2005role,
  doi = {10.1080/02652030500389055},
  year = {2005},
  month = jan,
  publisher = {Informa {UK} Limited},
  volume = {22},
  number = {sup1},
  pages = {31--36},
  author = {M. Miraglia and B. De Santis and V. Minardi and F. Debegnach and C. Brera},
  title = {The role of sampling in mycotoxin contamination: An holistic view},
  journal = {Food Additives \& Contaminants}
}
@article{wagner1995basic,
  doi = {10.1016/0048-9697(95)04830-8},
  year = {1995},
  month = dec,
  publisher = {Elsevier {BV}},
  volume = {176},
  number = {1-3},
  pages = {63--71},
  author = {Wagner, G},
  title = {Basic approaches and methods for quality assurance and quality control in sample collection and storage for environmental monitoring},
  journal = {Science of The Total Environment}
}
@article{bossio2008application,
  doi = {10.1016/j.chemosphere.2007.06.088},
  year = {2008},
  month = jan,
  publisher = {Elsevier {BV}},
  volume = {70},
  number = {5},
  pages = {858--864},
  author = {Joseph P. Bossio and Jason Harry and Chad A. Kinney},
  title = {Application of ultrasonic assisted extraction of chemically diverse organic compounds from soils and sediments},
  journal = {Chemosphere}
}
@article{trufelli2011overview,
  doi = {10.1002/mas.20298},
  year = {2010},
  month = oct,
  publisher = {Wiley},
  volume = {30},
  number = {3},
  pages = {491--509},
  author = {Helga Trufelli and Pierangela Palma and Giorgio Famiglini and Achille Cappiello},
  title = {An overview of matrix effects in liquid chromatography--mass spectrometry},
  journal = {Mass Spectrometry Reviews}
}
@incollection{razzazi2011sample,
  doi = {10.1533/9780857090973.1.37},
  year = {2011},
  publisher = {Elsevier},
  pages = {37--70},
  author = {E. Razzazi-Fazeli and E.V. Reiter},
  title = {Sample preparation and clean up in mycotoxin analysis: principles,  applications and recent developments},
  booktitle = {Determining Mycotoxins and Mycotoxigenic Fungi in Food and Feed}
}
@article{petersen1994effects,
  doi = {10.1128/aem.60.7.2421-2430.1994},
  year = {1994},
  month = jul,
  publisher = {American Society for Microbiology},
  volume = {60},
  number = {7},
  pages = {2421--2430},
  author = {S{\o}ren O. Petersen and Michael J. Klug},
  title = {Effects of Sieving,  Storage,  and Incubation Temperature on the Phospholipid Fatty Acid Profile of a Soil Microbial Community},
  journal = {Applied and Environmental Microbiology}
}
@article{veum2019phospholipid,
  doi = {10.2134/agronj2018.09.0628},
  year = {2019},
  month = mar,
  publisher = {Wiley},
  volume = {111},
  number = {3},
  pages = {1090--1096},
  author = {Kristen S. Veum and Todd Lorenz and Robert J. Kremer},
  title = {Phospholipid Fatty Acid Profiles of Soils under Variable Handling and Storage Conditions},
  journal = {Agronomy Journal}
}
@article{vcernohlavkova2009variability,
  doi = {10.1016/j.ecoenv.2009.04.023},
  year = {2009},
  month = nov,
  publisher = {Elsevier {BV}},
  volume = {72},
  number = {8},
  pages = {2102--2108},
  author = {Jitka {\v{C}}ernohl{\'{a}}vkov{\'{a}} and Ji{\v{r}}{\'{\i}} Jarkovsk{\'{y}} and Michala Ne{\v{s}}porov{\'{a}} and Jakub Hofman},
  title = {Variability of soil microbial properties: Effects of sampling,  handling and storage},
  journal = {Ecotoxicology and Environmental Safety}
}
@article{stenberg1998microbial,
  doi = {10.1016/s0038-0717(97)00125-9},
  year = {1998},
  month = mar,
  publisher = {Elsevier {BV}},
  volume = {30},
  number = {3},
  pages = {393--402},
  author = {B. Stenberg and M. Johansson and M. Pell and K. Sj\"{o}dahl-Svensson and J. Stenstr\"{o}m and L. Torstensson},
  title = {Microbial biomass and activities in soil as affected by frozen and cold storage},
  journal = {Soil Biology and Biochemistry}
}
@article{lehotay2015sampling,
  doi = {10.1021/jf5056985},
  year = {2015},
  month = feb,
  publisher = {American Chemical Society ({ACS})},
  volume = {63},
  number = {18},
  pages = {4395--4404},
  author = {Steven J. Lehotay and Jo Marie Cook},
  title = {Sampling and Sample Processing in Pesticide Residue Analysis},
  journal = {Journal of Agricultural and Food Chemistry}
}
@article{probst2011identification,
  doi = {10.1094/pdis-06-10-0438},
  year = {2011},
  month = feb,
  publisher = {Scientific Societies},
  volume = {95},
  number = {2},
  pages = {212--218},
  author = {C. Probst and R. Bandyopadhyay and L. E. Price and P. J. Cotty},
  title = {Identification of atoxigenic \textit{Aspergillus flavus} isolates to reduce aflatoxin contamination of maize in Kenya},
  journal = {Plant Disease}
}
@article{ren2022potential,
  doi = {10.3390/toxins14020086},
  year = {2022},
  month = jan,
  publisher = {{MDPI} {AG}},
  volume = {14},
  number = {2},
  pages = {86},
  author = {Xianfeng Ren and Maria Teresa Bran{\`{a}} and Miriam Haidukowski and Antonia Gallo and Qi Zhang and Antonio F. Logrieco and Peiwu Li and Shancang Zhao and Claudio Altomare},
  title = {Potential of Trichoderma spp. for Biocontrol of Aflatoxin-Producing Aspergillus flavus},
  journal = {Toxins}
}
@article{njeru2020impact,
  doi = {10.1111/ppa.13259},
  year = {2020},
  month = sep,
  publisher = {Wiley},
  volume = {69},
  number = {9},
  pages = {1644--1654},
  author = {Nancy K. Njeru and Charles A. O. Midega and James W. Muthomi and John M. Wagacha and Zeyaur R. Khan},
  title = {Impact of push{\textendash}pull cropping system on pest management and occurrence of ear rots and mycotoxin contamination of maize in western Kenya},
  journal = {Plant Pathology}
}
@article{khan2011push,
  doi = {10.3763/ijas.2010.0558},
  year = {2011},
  month = feb,
  publisher = {Informa {UK} Limited},
  volume = {9},
  number = {1},
  pages = {162--170},
  author = {Zeyaur Khan and Charles Midega and Jimmy Pittchar and John Pickett and Toby Bruce},
  title = {Push--pull technology: a conservation agriculture approach for integrated management of insect pests,  weeds and soil health in Africa},
  journal = {International Journal of Agricultural Sustainability}
}
@article{khan2000exploiting,
  doi = {10.1002/1526-4998(200011)56:11<957::aid-ps236>3.0.co;2-t},
  year = {2000},
  publisher = {Wiley},
  volume = {56},
  number = {11},
  pages = {957--962},
  author = {Zeyaur R Khan and John A Pickett and Johnnie van den Berg and Lester J Wadhams and Christine M Woodcock},
  title = {Exploiting chemical ecology and species diversity: stem borer and striga control for maize and sorghum in Africa},
  journal = {Pest Management Science}
}
@article{dania2020using,
  doi = {10.17503/agrivita.v42i3.2670},
  year = {2020},
  month = oct,
  publisher = {Agrivita,  Journal of Agricultural Science ({AJAS})},
  volume = {42},
  number = {3},
  author = {Victor Ohileobo Dania and Stephen Ejike Eze},
  title = {Using \textit{Trichoderma} Species in Combination with Cattle Dung as Soil Amendment Improves Yield and Reduces Pre-Harvest Aflatoxin Contamination in Groundnut},
  journal = {{AGRIVITA} Journal of Agricultural Science}
}
@article{sivparsad2016pre,
  doi = {10.1007/s41348-016-0037-9},
  year = {2016},
  month = aug,
  publisher = {Springer Science and Business Media {LLC}},
  volume = {123},
  number = {6},
  pages = {285--293},
  author = {Benice J. Sivparsad and Mark D. Laing},
  title = {Pre-harvest silk treatment with \textit{Trichoderma harzianum} reduces aflatoxin contamination in sweetcorn},
  journal = {Journal of Plant Diseases and Protection}
}
@article{migwi2020assessment,
  doi = {10.1080/19440049.2020.1817571},
  year = {2020},
  month = oct,
  publisher = {Informa {UK} Limited},
  volume = {37},
  number = {11},
  pages = {1951--1962},
  author = {Bernard Migwi and Charity Mutegi and John Mburu and John Wagacha and Peter Cotty and Ranajit Bandyopadhyay and Victor M. Manyong},
  title = {Assessment of willingness-to-pay for Aflasafe {KE}01,  a native biological control product for aflatoxin management in Kenya},
  journal = {Food Additives \& Contaminants: Part A}
}
@article{bandyopadhyay2016biological,
  doi = {10.3920/wmj2016.2130},
  year = {2016},
  month = nov,
  publisher = {Brill},
  volume = {9},
  number = {5},
  pages = {771--789},
  author = {R. Bandyopadhyay and A. Ortega-Beltran and A. Akande and C. Mutegi and J. Atehnkeng and L. Kaptoge and A.L. Senghor and B.N. Adhikari and P.J. Cotty},
  title = {Biological control of aflatoxins in Africa: current status and potential challenges in the face of climate change},
  journal = {World Mycotoxin Journal}
}
@article{trenbath1993intercropping,
  doi = {10.1016/0378-4290(93)90123-5},
  year = {1993},
  month = sep,
  publisher = {Elsevier {BV}},
  volume = {34},
  number = {3-4},
  pages = {381--405},
  author = {B.R. Trenbath},
  title = {Intercropping for the management of pests and diseases},
  journal = {Field Crops Research}
}
@incollection{langer2007intercropping,
  doi = {10.1079/9781845930646.0074},
  year = {2007},
  month = jan,
  publisher = {{CABI}},
  pages = {74--110},
  author = {V. Langer and J. Kinane and M. Lyngkj{\ae}r},
  title = {Intercropping for pest management: the ecological concept.},
  booktitle = {Ecologically based integrated pest management}
}
@article{rushing2019aflatoxin,
  doi = {10.1016/j.fct.2018.11.047},
  year = {2019},
  month = feb,
  publisher = {Elsevier {BV}},
  volume = {124},
  pages = {81--100},
  author = {Blake R. Rushing and Mustafa I. Selim},
  title = {Aflatoxin B1: A review on metabolism,  toxicity,  occurrence in food,  occupational exposure,  and detoxification methods},
  journal = {Food and Chemical Toxicology}
}
@article{shephard2003aflatoxin,
  doi = {10.1081/txr-120024094},
  year = {2003},
  month = jan,
  publisher = {Informa {UK} Limited},
  volume = {22},
  number = {2-3},
  pages = {267--286},
  author = {Gordon S. Shephard},
  title = {Aflatoxin and Food Safety: Recent African Perspectives},
  journal = {Journal of Toxicology: Toxin Reviews}
}
@article{williams2004human,
  doi = {10.1093/ajcn/80.5.1106},
  year = {2004},
  month = nov,
  publisher = {Elsevier {BV}},
  volume = {80},
  number = {5},
  pages = {1106--1122},
  author = {Jonathan H Williams and Timothy D Phillips and Pauline E Jolly and Jonathan K Stiles and Curtis M Jolly and Deepak Aggarwal},
  title = {Human aflatoxicosis in developing countries: a review of toxicology,  exposure,  potential health consequences,  and interventions},
  journal = {The American Journal of Clinical Nutrition}
}
@article{lewis2005aflatoxin,
  doi = {10.1289/ehp.7998},
  year = {2005},
  month = dec,
  publisher = {Environmental Health Perspectives},
  volume = {113},
  number = {12},
  pages = {1763--1767},
  author = {Lauren Lewis and Mary Onsongo and Henry Njapau and Helen Schurz-Rogers and George Luber and Stephanie Kieszak and Jack Nyamongo and Lorraine Backer and Abdikher Mohamud Dahiye and Ambrose Misore and Kevin DeCock and Carol Rubin and},
  title = {Aflatoxin Contamination of Commercial Maize Products during an Outbreak of Acute Aflatoxicosis in Eastern and Central Kenya},
  journal = {Environmental Health Perspectives}
}
@article{mahuku2019pre,
  doi = {10.1016/j.foodcont.2018.08.032},
  year = {2019},
  month = feb,
  publisher = {Elsevier {BV}},
  volume = {96},
  pages = {219--226},
  author = {George Mahuku and Henry Sila Nzioki and Charity Mutegi and Fred Kanampiu and Clare Narrod and Dan Makumbi},
  title = {Pre-harvest management is a critical practice for minimizing aflatoxin contamination of maize},
  journal = {Food Control}
}
@article{nji2022six,
  doi = {10.3390/toxins14050318},
  year = {2022},
  month = apr,
  publisher = {{MDPI} {AG}},
  volume = {14},
  number = {5},
  pages = {318},
  author = {Queenta Ngum Nji and Olubukola Oluranti Babalola and Theodora Ijeoma Ekwomadu and Nancy Nleya and Mulunda Mwanza},
  title = {Six Main Contributing Factors to High Levels of Mycotoxin Contamination in African Foods},
  journal = {Toxins}
}
@article{udomkun2017mycotoxins,
  doi = {10.1016/j.foodcont.2016.07.039},
  year = {2017},
  month = feb,
  publisher = {Elsevier {BV}},
  volume = {72},
  pages = {110--122},
  author = {Patchimaporn Udomkun and Alexander Nimo Wiredu and Marcus Nagle and Ranajit Bandyopadhyay and Joachim M\"{u}ller and Bernard Vanlauwe},
  title = {Mycotoxins in Sub-Saharan Africa: Present situation,  socio-economic impact,  awareness,  and outlook},
  journal = {Food Control}
}
@article{meijer2021aflatoxin,
  doi = {10.1111/1541-4337.12731},
  year = {2021},
  month = mar,
  publisher = {Wiley},
  volume = {20},
  number = {3},
  pages = {2286--2304},
  author = {Nathan Meijer and Gijs Kleter and Monique de Nijs and Marie-Luise Rau and Ria Derkx and H. J. van der Fels-Klerx},
  title = {The aflatoxin situation in Africa: Systematic literature review},
  journal = {Comprehensive Reviews in Food Science and Food Safety}
}
@article{verheecke2016microbial,
  doi = {10.1016/j.ijfoodmicro.2016.07.028},
  year = {2016},
  month = nov,
  publisher = {Elsevier {BV}},
  volume = {237},
  pages = {1--9},
  author = {C. Verheecke and T. Liboz and F. Mathieu},
  title = {Microbial degradation of aflatoxin B1: Current status and future advances},
  journal = {International Journal of Food Microbiology}
}
@article{peigne2007conservation,
  doi = {10.1111/j.1475-2743.2006.00082.x},
  year = {2007},
  month = apr,
  publisher = {Wiley},
  volume = {23},
  number = {2},
  pages = {129--144},
  author = {J. Peign{\'{e}} and B. C. Ball and J. Roger-Estrade and C. David},
  title = {Is conservation tillage suitable for organic farming? A review},
  journal = {Soil Use and Management}
}
@article{busari2015conservation,
  doi = {10.1016/j.iswcr.2015.05.002},
  year = {2015},
  month = jun,
  publisher = {Elsevier {BV}},
  volume = {3},
  number = {2},
  pages = {119--129},
  author = {Mutiu Abolanle Busari and Surinder Singh Kukal and Amanpreet Kaur and Rajan Bhatt and Ashura Ally Dulazi},
  title = {Conservation tillage impacts on soil,  crop and the environment},
  journal = {International Soil and Water Conservation Research}
}
@inproceedings{angle1987aflatoxin,
	title={Aflatoxin and aflatoxin-producing fungi in soil},
	author={Angle, JS},
	booktitle={Aflatoxin in Maize. Proceedings of the Workshop. Zuber, MS, Lillehoj, EB, Renfro, BL, eds. Mexico, DF: CIMMYT},
	pages={152--163},
	year={1987}
}
@article{abbas2008dynamics,
  doi = {10.1021/jf801771a},
  year = {2008},
  month = jul,
  publisher = {American Chemical Society ({ACS})},
  volume = {56},
  number = {16},
  pages = {7578--7585},
  author = {Hamed K. Abbas and Cesare Accinelli and Robert M. Zablotowicz and Craig A. Abel and H. Arnold Bruns and Yanhong Dong and W. Thomas Shier},
  title = {Dynamics of mycotoxin and \textit{Aspergillus flavus} levels in aging Bt and non-Bt corn residues under Mississippi no-till conditions},
  journal = {Journal of Agricultural and Food Chemistry}
}
@article{ching2022spatial,
  doi = {10.1094/php-10-21-0128-rs},
  year = {2022},
  month = jan,
  publisher = {Scientific Societies},
  volume = {23},
  number = {3},
  pages = {272--280},
  author = {Connel Ching'anda and Joseph Atehnkeng and Ranajit Bandyopadhyay and Kenneth Callicott and Marc J. Orbach and Peter J. Cotty and Hillary L. Mehl},
  title={Spatial and Temporal Population Dynamics of \textit{Aspergillus flavus} in Commercial Pistachio Orchards in Arizona},
  journal = {Plant Health Progress}
}
@article{dutta2001isolation,
  doi = {10.1023/a:1010960402254},
  year = {2001},
  publisher = {Springer Science and Business Media {LLC}},
  volume = {151},
  number = {1},
  pages = {29--33},
  author = {T.K. Dutta and P. Das},
  journal = {Mycopathologia}
}
@article{jaime2010crop,
  doi = {10.1016/j.soilbio.2010.06.025},
  year = {2010},
  month = oct,
  publisher = {Elsevier {BV}},
  volume = {42},
  number = {10},
  pages = {1842--1847},
  author = {Ramon Jaime-Garcia and Peter J. Cotty},
  title = {Crop rotation and soil temperature influence the community structure of \textit{Aspergillus flavus} in soil},
  journal = {Soil Biology and Biochemistry}
}
@article{kenngott2022fusarium,
  doi = {10.3390/toxins14020130},
  year = {2022},
  month = feb,
  publisher = {{MDPI} {AG}},
  volume = {14},
  number = {2},
  pages = {130},
  author = {Kilian G. J. Kenngott and Julius Albert and Friederike Meyer-Wolfarth and Gabriele E. Schaumann and Katherine Mu{\~{n}}oz},
  title = {\textit{Fusarium} Mycotoxins in Maize Field Soils: Method Validation and Implications for Sampling Strategy},
  journal = {Toxins}
}
@article{zhalnina2018dynamic,
  doi = {10.1038/s41564-018-0129-3},
  year = {2018},
  month = mar,
  publisher = {Springer Science and Business Media {LLC}},
  volume = {3},
  number = {4},
  pages = {470--480},
  author = {Kateryna Zhalnina and Katherine B. Louie and Zhao Hao and Nasim Mansoori and Ulisses Nunes da Rocha and Shengjing Shi and Heejung Cho and Ulas Karaoz and Dominique Loqu{\'{e}} and Benjamin P. Bowen and Mary K. Firestone and Trent R. Northen and Eoin L. Brodie},
  title = {Dynamic root exudate chemistry and microbial substrate preferences drive patterns in rhizosphere microbial community assembly},
  journal = {Nature Microbiology}
}
@article{cotta2013temporal,
  doi = {10.1007/s10482-012-9843-7},
  year = {2012},
  month = nov,
  publisher = {Springer Science and Business Media {LLC}},
  volume = {103},
  number = {3},
  pages = {589--601},
  author = {Simone Raposo Cotta and Armando Cavalcante Franco Dias and Ivanildo Ev{\'{o}}dio Marriel and Eliane Aparecida Gomes and Jan Dirk van Elsas and Lucy Seldin},
  title = {Temporal dynamics of microbial communities in the rhizosphere of two genetically modified ({GM}) maize hybrids in tropical agrosystems},
  journal = {Antonie van Leeuwenhoek}
}
@article{spohn2014spatial,
  doi = {10.1007/s11104-014-2041-9},
  year = {2014},
  month = feb,
  publisher = {Springer Science and Business Media {LLC}},
  volume = {379},
  number = {1-2},
  pages = {67--77},
  author = {Marie Spohn and Yakov Kuzyakov},
  title = {Spatial and temporal dynamics of hotspots of enzyme activity in soil as affected by living and dead roots -- a soil zymography analysis},
  journal = {Plant and Soil}
}
@misc{BFSA2017,
	title = {Bangladesh issues Regulation on Food Safety 2017},
	shortauthor={BFSA},
	author = {{Bangladesh Food Safety Authority}},
	year = {2017} 
}
@misc{MHCR2011a,
	title = {Executive Decree 27980-S},
	author = {{Ministry of Health of Costa Rica}},
	shortauthor={MHCR},
	year = {2011},
}
@misc{MHCR2011b,
	title = {Executive Decree 27964},
	author = {{Ministry of Health of Costa Rica}},
	shortauthor={MHCR},
	year = {2011},
}
@misc{FSSAI2011,
	title = {Food Safety and Standards (Contaminants, Toxins and Residues) Amendment Regulations, 2011},
	shortauthor={FSSAI},
	author = {{Food Safety and Standards Authority of India (Ministry of Health and Family Welfare))}},
	year = {2011},
}
@misc{MOA2018,
	title = {Regulation of the Ministry of Agriculture of the Republic of Indonesia Number {53/Permentan/KR.040/12/2018}, Concerning the Safety and Quality of Plant Origin Foods},
	author = {{Ministry of Agriculture of the Republic of Indonesia}},
	shortauthor={MOA},
	year = {2018}
}
@misc{ISIRI2002,
	title = {{Food and Feed- Mycotoxins Maximum Tolerated Level (Amendment No. 1), ISIRI 5925 1st/Edition JAN 2002}},
	author = {{Institute of Standards and Industrial Research of Iran}},
	shortauthor={ISIRI},
	year = {2002},
}
@misc{FAMIC2015,
	title = {Regulation Value of Pesticides, Heavy Metals and Mycotoxins (Administrative Guideline) (Revised December 18, 2015)},
	author = {{Food and Agricultural Materials Inspection Centre}},
	shortauthor={FAMIC},
	year = {2015},
}
@misc{MOH2014,
	title = {Food Act 1983, Food (Amendment) (No. 3) Regulations 2014, Malaysia},
	author = {{Ministry of Health of Malaysia}},
	shortauthor={MOH},
	year = {2014},
}
@misc{AHV2013,
	title = {Rulebook on General Food Safety Requirements for Certain Contaminants, An Official Authority of the Republic of North Macedonia, Food and Veterinary Agency, OG 102/2013},
	author={{Food and Veterinary Agency, Republic of North Macedonia}},
	shortauthor={AHV},
	year = {2013},
}
@misc{BAFPS2015,
	title = {{Philippine National Standard, PNS/BAFS 175:2015, Code of Practice (COP) for the Prevention and Reduction of Aflatoxin Contamination in Peanuts}},
	author = {{Bureau of Agriculture and Fisheries Standards}},
	shortauthor={BAFPS},
	year = {2015},
	howpublished = {Philippine National Standard, PNS/BAFS 175:2015},
}
@misc{RS2019,
	title = {Maximum Allowed Contents of Contaminants in Food and Feed, Official Bulletin of the Republic of Serbia, 22/2018, 90/2018, 76/2019 i 81/2019},
	author = {{Government of the Republic of Serbia}},
	shortauthor={RS},
	year = {2019},
}
@misc{SFA2019,
	title = {Sale of Food Act (Chapter 283, Section 56(1)) Food Regulations, Section 34},
	author = {{Singapore Food Agency}},
	shortauthor={SFA},
	year = {2019},
}
@misc{MFDS2019,
	title = {Notification {(No. 2019-57)} of the Ministry of Food and Drug Safety promulgating the Food Code, 2019},
	author = {{Ministry of Food and Drug Safety of the Republic of Korea}},
	shortauthor={MFDS},
	year = {2019},
}
@misc{FDHA2016,
	title = {{Ordinance on the maximum levels for contaminants (SR 817.022.15)}},
	author = {{Federal Department of Home Affairs}},
	shortauthor={FDHA},
	year = {2016},
}
@misc{TFDA2019,
	title = {Sanitation Standard for Contaminants and Toxins in Food},
	author = {{Taiwan Food and Drug Administration}},
	shortauthor = {TFDA},
	year = {2019},
}
@misc{TACFS2009,
	title = {Thai Agricultural Standard {TAS} 4002-2009: Maize},
	author = {{National Bureau of Agricultural Commodity and Food Standards}},
	shortauthor={ACFS},
	year = {2009},
}
@misc{TACFS2014,
	title = {Thai Agricultural Standard {TAS} 4702- 2014: Peanut Kernel: Maximum Level of Aflatoxin},
	author = {{National Bureau of Agricultural Commodity and Food Standards}},
	shortauthor={ACFS},
	year = {2014},
}
@misc{GKGM2011,
	title = {Turkish Food Codex Regulation on Contaminants in Foodstuffs},
	author = {{General Directorate of Food and Control Registration System}},
	shortauthor={GKGM},
	year = {2011},
}
@misc{MOZ2013,
	title = {Order No. 368: On Approval of State Hygiene Regulations and Norms, {"The} Regulation of Maximum Levels for Certain Contaminants in Foodstuffs"},
	author = {{Ministry of Healthcare of Ukraine}},
	shortauthor = {MOZ},
	year = {2013}, 
}
@misc{MOH2011,
	title = {National Technical Regulation on the Limits of Mycotoxins Contamination in Food (QCVN 8-1:2011/BYT)},
	author = {{Ministry of Health, Vietnam}},
	shortauthor = {MOH},
	year = {2011},
}
@article{kabak2016aflatoxins,
	title={Aflatoxins in hazelnuts and dried figs: Occurrence and exposure assessment},
	author={Kabak, Bulent},
	journal={Food Chemistry},
	volume={211},
	pages={8--16},
	year={2016},
	publisher={Elsevier}
}
@article{ARSO2022,
  title = {ARSO/TC 11, Contaminants and Toxins in Foods and Feeds},
  author = {{African Organization for Standardization}},
  shortauthor = {ARSO},    
  year = {2022}
}
@misc{FSANZ2022,
  title = {Australia New Zealand Food Standards Code ‚Äì Schedule 19 ‚Äì Maximum Levels of Contaminants and Natural Toxicants},
  author = {{Food Standards Australia New Zealand}},
  shortauthor = {FSANZ},
  year = {2022}
}
@article{EAC2018,
  title = {Harmonization and Strengthening of Aflatoxin Standards Regulation for Human Food and Food Products to Promote Public Health},
  author = {{East African Community}},
  shortauthor = {EAC},
  year = {2018},
  journal = {\textit{EAC Policy Briefs on Aflatoxin Prevention and Control. Policy Brief No. 3}}
}
@misc{EACU2011,
  title = {{Technical Regulation of the Customs Union On Food Safety (TR TS 021/2011)}},
  author = {{Eurasian Customs Union}},
  shortauthor = {EACU},
  year = {2011}
}
@misc{EC2010,
  title={{Commission Regulation (EU) No 165/2010 of 26 February 2010 amending Regulation (EC) No 1881/2006 setting maximum levels for certain contaminants in foodstuffs as regards aflatoxins}},
  author={{European Commission}},
  shortauthor={EC},
  year={2010}
}
@misc{MERCOSUR2002,
  title = {{Technical regulation on maximum permissible aflatoxin limits in milk, peanuts, and corn (repeal of GMC RES. No. 56/94), MERCOSUR/GMC/RES. N¬∫ 25/02}},
  author = {Mercosur},
  year = {2002}
}
